2440 4292
144 273 207 344 128
520 293 697 342 nicenum.

207 446 237 510 7.
303 445 350 512 Et
364 445 1104 532 sedetAutumnoc‚quinqueduosquethrono.

138 553 235 620 3775.
258 553 434 641 Fergueiuo
445 555 569 620 Bonbae
582 554 751 620 duodenos
766 554 904 641 imperat
919 577 1036 636 anuos,

185 663 236 727 12.
303 661 463 727 Strenuus
478 663 621 730 AEnecm
635 661 692 747 qui
705 660 869 729 referebat
883 683 989 728 avum.

139 769 236 836 3787.
266 767 420 836 Tcmoriae
434 770 561 836 AEnecc
575 770 682 836 haeres
697 780 731 836 et
744 781 839 836 natus
855 769 976 835 Aemo·

180 877 233 943 ³2.
273 945 276 952 ,
299 875 464 942 Messibus
479 877 646 964 Erigonus
660 886 819 963 temperat
834 887 909 942 octo
924 887 1053 962 quater.

139 983 234 1050 3819.
258 985 413 1071 Quinque
432 985 643 1064 Columncris,
666 996 785 1070 patruo
802 985 951 1051 diadema
968 985 1093 1050 Concl-
1116 1063 1118 1066 .

398 1093 448 1158 lus

202 1202 234 1266 5.
301 1200 467 1278 Vindicat,
481 1200 640 1278 extincto,
655 1200 825 1278 messibus,
839 1221 916 1265 ense
932 1221 1038 1269 suum.

137 1305 233 1372 3834.
258 1307 377 1392 Regna
390 1306 611 1372 Niasedcmoo
626 1310 796 1392 septennia
810 1317 918 1373 cretus
933 1303 1062 1372 Hebcro

203 1416 232 1480 7.
298 1415 376 1489 Qut
390 1435 477 1478 mare
500 1413 678 1500 Verginium
691 1414 803 1480 littora
815 1413 935 1499 pulsat,
950 1413 1027 1500 agit.

136 1519 232 1587 3831.
255 1519 355 1588 Filius
372 1520 488 1586 AEneae
501 1520 658 1607 patruelis
673 1531 707 1586 et
721 1522 847 1586 Ennius
861 1543 974 1598 annoS,

183 1629 234 1695 10.
302 1628 441 1714 Sceptra
464 1638 564 1706 tenet,
591 1628 757 1714 geminans
781 1628 925 1713 quinque
951 1627 1087 1692 Conclle

397 1746 481 1801 tuos.

138 1843 234 1908 3841.
258 1842 408 1928 Fcrgusii
427 1841 630 1906 Crimthanus
645 1843 696 1906 avi
710 1842 772 1906 sibi
786 1841 897 1906 debita
911 1852 1026 1906 nactus

201 1951 231 2012 4.
297 1948 390 2025 June,
408 1946 501 2035 sedet
516 1949 655 2032 spatium
670 1969 730 2032 por
738 1947 937 2033 quadrienno
953 1946 1082 2011 throno.

137 2055 234 2119 3845.
251 2053 307 2118 Ex
322 2038 417 2118 Hiro'
433 2053 569 2118 Ultoniae
583 2076 642 2119 rex
657 2076 757 2118 annos
774 2063 847 2119 octo
862 2054 923 2130 bis,
939 2075 1039 2118 unum

182 2168 233 2226 17.
254 2160 432 2226 Rudrc‘cicts
447 2163 526 2245 (quo
542 2182 622 2245 gens
638 2160 852 2244 Radriciano)
867 2162 961 2245 regit.

254 2252 435 2334 Kimbiu‘tlti
458 2290 478 2331 a
497 2267 601 2352 primo
620 2268 761 2333 Rcdrc'ci
780 2269 945 2334 morientis
964 2270 1009 2333 ad
1027 2293 1083 2335 en-

396 2398 486 2453 num,

297 2484 383 2550 Sunt
396 2485 447 2550 bis
462 2485 599 2562 centeni,
616 2506 676 2548 sex
690 2505 789 2569 super
803 2483 966 2548 undecies.

258 2592 460 2680 Conquoouri
481 2592 523 2657 ad
543 2601 680 2658 mortem
700 2590 776 2656 hinc
799 2601 941 2669 centum,
965 2605 1082 2676 quater

394 2709 468 2765 octo
483 2700 626 2784 duoque,

296 2807 375 2884 Qui,
395 2806 524 2870 Christo
538 2807 660 2891 genito,
673 2804 804 2891 praefuit
824 2806 966 2869 Ultoniae.

254 2912 344 2977 Inter
360 2913 601 2996 Conquovarcm
613 2923 699 2990 sunt,
709 2911 996 2999 Kimbaithuche
1007 2913 1083 2979 Μο-

393 3017 558 3094 noreham,

296 3127 458 3204 Quatuor‚
474 3135 511 3190 ut
526 3125 642 3203 doctis,
659 3123 777 3190 saecula
790 3124 892 3209 lapsa,
908 3125 1020 3211 liquet.

135 3237 231 3300 3862.
258 3234 355 3301 Clara
368 3233 597 3298 Nisedcmom'o
617 3232 725 3318 proles
740 3233 946 3298 Innatmarus
959 3235 1081 3299 instet:

198 3343 229 3405 3.
294 3342 410 3406 Tertia
425 3341 518 3426 cujus
534 3348 604 3404 erat
620 3339 733 3404 funere
749 3339 848 3403 tristis
863 3338 986 3424 hyems.

134 3454 228 3513 3865.
252 3448 438 3513 Bressalics
451 3445 586 3511 liudrici
601 3445 773 3510 Scotorum
788 3457 875 3510 serta
888 3468 1036 3532 propago

198 3559 229 3620 i).
296 3553 418 3634 Induit,
432 3566 466 3620 et
479 3554 601 3619 brumis
619 3565 669 3618 ter
684 3553 788 3617 tribus
804 3549 857 3616 illa
870 3555 963 3639 gerit.

132 3661 227 3727 3874.
252 3659 339 3727 Hinc
358 3661 592 3726 Inoatmarc‘des
606 3659 756 3726 diadema
767 3661 938 3746 Lcugnius
951 3683 1055 3726 annos
