2440 4292
442 311 616 358 nissam.

393 999 585 1076 SECTIO
612 1001 662 1074 ΙΙ.

66 1199 1000 1290 ConrrnnnsPoemaChronologicum·Bipsrtitum‚totius

65 1311 170 1392 operis
179 1309 377 1375 Flahertiani
392 1333 545 1376 summam
561 1334 580 1376 a
595 1309 715 1376 Mundi
729 1309 866 1376 exordio
880 1310 922 1376 sd
939 1309 1002 1376 Ca·

66 1413 124 1479 roli
137 1419 168 1482 2.
189 1415 238 1481 M.
253 1416 408 1504 Britaniae
423 1430 455 1482 et
465 1417 634 1483 Hiberniae
644 1418 745 1504 regis,
758 1429 905 1502 tempora
916 1439 1001 1484 eom-

66 1519 209 1604 plectens
222 1551 230 1602 3
254 1547 273 1589 a
287 1547 337 1590 me
352 1525 429 1590 veri>
445 1526 503 1589 ubi
518 1547 600 1610 opus
615 1535 697 1602 erat,
713 1522 928 1601 emendatum,
944 1536 1001 1589 aut

66 1632 258 1710 restitutum,
273 1643 310 1697 ut
324 1644 356 1698 et
368 1632 592 1700 characterum
606 1630 802 1708 diversitate,
817 1629 1000 1714 notulisque

66 1735 266 1818 illustratum,
282 1751 379 1825 atque
394 1741 490 1805 etiam
505 1738 546 1804 ad
562 1747 757 1823 proesentem
771 1758 889 1802 annum
908 1737 1001 1812 1703,

68 1848 296 1912 continuatum.
339 1846 504 1912 Numerus
529 1846 652 1930 primus
677 1843 763 1908 Ann.
792 1842 921 1922 Mundi,
950 1841 1002 1908 vel

68 1973 138 2017 aerae
154 1953 346 2018 Christianae
362 1977 370 2017 τ
399 1951 570 2019 Secundus
585 1951 663 2017 verb
678 1973 779 2017 annos
795 1951 888 2037 regni
903 1951 1002 2016 deno-

70 2067 122 2124 tat.

439 2257 628 2268 ----—.

451 2401 568 2468 PARS
593 2402 620 2467 1.

70 2552 228 2617 Poematis
257 2549 482 2638 Chronologiei
507 2555 546 2616 de
560 2551 679 2636 primis
697 2544 866 2612 Hiberniae
884 2548 1005 2612 Incolis

107 2669 140 2724 et
158 2657 322 2732 Colrmiisr
344 2661 417 2722 item
444 2657 483 2720 de
506 2655 647 2738 Regibus
668 2647 839 2716 Hiberm
853 2649 1005 2716 Ethnieir

108 2765 149 2831 ab
161 2765 363 2831 annemundi
381 2763 474 2841 1960,
489 2763 535 2828 ad
547 2783 664 2826 annum
678 2758 783 2824 mundi
796 2757 891 2822 4381.
907 2757 1005 2822 AEroe

113 2873 308 2938 Christianae
321 2873 396 2936 432.
405 2891 470 2956 per
484 2891 584 2934 annos
598 2869 693 2932 2412.

71 2999 205 3089 Ogygiae
220 3001 298 3066 mihi
312 3020 438 3066 carmen
453 3007 548 3062 erunt
562 2994 737 3081 primordia
751 3005 859 3072 terrae‚

110 3107 303 3173 Deductum.
317 3105 501 3169 adnostros
517 3101 648 3166 condito
664 3101 706 3166 ab
722 3102 802 3164 orbe
816 3100 895 3164 dies.

72 3211 169 3280 Passa
183 3225 264 3300 quot
277 3223 327 3278 est
340 3221 465 3298 genteS,
481 3209 591 3294 Reges
606 3219 687 3293 quot
702 3205 863 3270 Hibernia
877 3201 982 3281 norit,

112 3319 212 3388 Musa
227 3319 312 3384 refer
326 3331 465 3403 tempus,
482 3315 593 3400 digere
608 3314 762 3400 quodque
777 3332 879 3375 suum.

73 3423 159 3493 Mille
175 3438 301 3514 quater,
316 3426 431 3510 quinos
448 3424 554 3489 decies
570 3423 598 3486 si
613 3418 790 3505 dempseris
805 3437 917 3495 annos,

114 3535 243 3601 Mundo
256 3533 416 3599 ineamrati
431 3530 579 3597 convenit
593 3551 659 3593 aera
670 3525 767 3591 Dei*

234 3717 248 3744 ⁸
269 3715 320 3763 An.
333 3711 423 3762 Mundi
433 3711 501 3762 ³950
513 3708 602 3778 primus
614 3721 666 3756 aerae
678 3705 831 3756 Christiane.
