2412 4292
64 341 70 348 ·
147 319 210 386 212
526 335 703 388 ursanum.

148 489 271 566 vincire,
287 497 499 576 cognomento
517 487 773 574 Croibddlreurg‚
788 488 808 551 i.
825 509 854 552 e.
864 509 980 574 pugeio
992 488 1086 554 ruber

151 595 309 677 (Caenobii
327 595 582 662 cisterciensium
595 585 783 676 Knoolcmoy
797 590 970 656 fundatore
986 590 1085 656 Anno

152 705 235 770 1189
249 703 301 770 vel
317 704 406 768 1190.
431 703 465 767 in
481 724 546 786 quo
560 703 631 788 ipse
648 700 831 766 Monachus
849 699 989 764 decessit
1001 720 1086 763 anno

151 812 249 893 1224)
272 811 412 897 legitur:
435 809 525 894 quod
552 811 602 874 12.
630 808 832 874 Monasteria
855 806 1087 872 Cistereiensiu

149 917 301 993 erexerit,
334 938 372 981 ac
396 929 461 981 tam
482 915 669 1000 sumptuosi
689 914 860 992 dotaverit,
889 924 925 978 ut
949 913 1090 978 totidem

154 1023 317 1102 Comitum,
333 1033 390 1088 aut
402 1021 629 1086 Menelaionum
651 1021 863 1106 dignitatibus
891 1021 1090 1086 sustinendis
1196 1009 1197 1020 ¹

151 1142 200 1196 sat
220 1142 437 1216 proventuum
466 1129 733 1215 suppeditarent:
757 1141 793 1194 ut
821 1152 885 1194 non
907 1130 1025 1214 injuria
1047 1130 1091 1193 sit

150 1238 248 1304 talem
271 1239 347 1316 diei,
362 1235 581 1321 Imperialium
603 1234 767 1302 titulorum
789 1239 866 1315 ritu,
889 1234 1026 1316 Daren,
1055 1247 1091 1301 et

151 1368 296 1414 sermone
312 1345 429 1432 patrio,
453 1345 613 1431 ejusmodi
628 1343 728 1409 titulis
744 1366 809 1408 non
824 1353 966 1420 assueto,
979 1359 1092 1429 regem

150 1453 389 1542 provinciolam.
435 1451 503 1517 Sua
521 1453 643 1536 quippe
668 1451 815 1516 omnibus
829 1450 956 1536 linguis,
972 1460 1005 1513 et
1020 1448 1093 1514 Na-

152 1563 294 1628 tionibus
317 1560 488 1647 peculiaris
511 1562 609 1628 insita
634 1571 684 1624 est
707 1561 900 1645 proprietas,
924 1558 1017 1642 cujus
1034 1558 1094 1621 ab·
1196 1559 1197 1562 ’

153 1670 253 1735 surda
270 1668 355 1734 foret
375 1669 409 1750 in
430 1665 500 1748 aliis
521 1667 666 1732 imitatio.
709 1666 819 1744 Adde,
843 1666 932 1751 quod
947 1667 1091 1734 Pateril
1196 1689 1197 1716 ³

153 1775 290 1859 quilibet
313 1775 400 1840 domi
426 1797 494 1838 suae
509 1771 584 1839 Rea
609 1773 673 1838 dici
699 1774 824 1858 possit:
849 1776 895 1841 sic
912 1774 1094 1841 Cicero'de

155 1881 314 1948 Oratore:
351 1883 414 1948 nisi
441 1883 474 1946 in
503 1903 606 1967 regno
631 1892 689 1945 tuo
718 1902 869 1947 essemus.
917 1881 962 1948 Et
973 1882 1092 1970 Virgil.

154 1988 280 2074 Eulogo
296 1995 326 2059 1.

156 2146 177 2175 “
193 2138 351 2224 Pauperis
367 2148 400 2202 et
415 2135 527 2222 tuguri
541 2147 729 2222 congestum
746 2141 867 2224 cespite
883 2140 1021 2220 culmen,

199 2246 280 2311 Post
294 2243 419 2331 aliquot
433 2245 517 2328 (mea
530 2247 643 2330 regna)
658 2247 770 2312 videns
785 2249 907 2314 mirabo
924 2250 1067 2315 aristas.”

156 2416 255 2482 Unde
269 2414 351 2484 falsi
374 2416 505 2501 quidam
526 2415 638 2481 volunt
661 2440 768 2502 regem
784 2419 901 2484 Latine
916 2443 1097 2506 supremam
1196 2455 1197 2458 ¹

155 2522 292 2602 tannim,
315 2534 349 2587 et
373 2522 454 2587 nulli
477 2523 659 2609 subjectum
675 2525 837 2590 dominum
853 2525 1031 2592 denotare:
1056 2552 1095 2593 ae

156 2651 327 2715 perperam
341 2629 498 2714 objiciunt
512 2652 650 2715 sequens
665 2643 911 2716 pentametrum.

223 2783 244 2814 “
264 2778 328 2849 Qut
342 2801 402 2842 rex
416 2789 474 2856 εει,
490 2802 607 2864 regem,
622 2781 782 2857 Maxime,
797 2804 858 2846 uon
872 2782 1018 2847 lrabeat.”

160 2926 261 3002 Quod
276 2924 339 2989 alib
355 2923 448 2988 simili
462 2935 664 3011 pentametro
678 2925 830 2994 eluditur.

226 3085 247 3117 “
260 3079 408 3164 Depener·
422 3076 457 3141 in
471 3081 581 3164 tuguri
594 3101 653 3144 ree
668 3080 755 3146 Lare
771 3081 904 3168 quisque
918 3084 997 3147 sni.”

163 3256 253 3330 Quid
274 3254 363 3340 quod
385 3264 510 3318 veteres
534 3254 654 3338 passim
677 3257 766 3341 regis
787 3279 902 3322 nomen
926 3259 1099 3326 tribuerint

163 3362 204 3437 ei,
234 3362 290 3444 qui
316 3358 368 3425 vel
396 3361 454 3424 uni
488 3358 855 3447 oppidulo-praeesset:
894 3365 939 3430 sio
969 3365 1098 3446 Itltuou,

163 3464 293 3550 Ulyssis
318 3466 404 3552 regis
431 3465 523 3530 Ditio
549 3475 614 3531 tam
639 3468 758 3552 exigua
780 3467 881 3534 fuisse
907 3470 1036 3550 dicitur,
1063 3485 1098 3538 ut

166 3573 283 3666 Cicero
295 3594 365 3636 eam
386 3572 497 3637 nidum
518 3594 601 3659 saxo
625 3557 756 3639 affiisum
782 3576 997 3642 aestimaverit.
1045 3579 1099 3646 Sic

164 3679 290 3746 Nestor
305 3677 383 3762 Pyt·
398 3699 477 3745 rex:
494 3679 539 3748 sie
554 3679 656 3748 dosue
671 3681 723 3748 30.
739 3683 871 3769 regibus
887 3685 920 3750 in
936 3685 1101 3754 Palestina
