2440 4292
498 311 675 358 ursanum.
999 294 1059 352 10⁷

116 456 230 522 teriam
245 461 493 560 suppeditatura
506 477 567 543 est,
583 466 740 550 originem
750 462 846 528 altius
861 473 1010 548 repetere
1022 471 1057 524 et

117 585 325 649 progressum
339 569 493 636 coutinuis
507 573 590 636 serie
605 572 648 636 ad
668 582 778 636 nostra
792 592 895 656 usque
910 582 1058 654 tempora

117 669 280 742 deducere
294 677 432 762 juvabit
486 679 616 764 Itaque,
636 677 855 764 multiplicatis
878 690 954 763 post
975 675 1058 742 dilu-

116 780 202 844 vium
221 781 342 850 Noemi
363 787 575 874 posteris,et
597 787 677 853 orbe
700 787 851 853 universo
874 787 959 850 iuter
984 782 1055 848 illos

115 890 248 970 partito,
272 891 358 958 Asta
379 894 465 960 intra
486 893 703 979 Euphratem,
729 894 773 960 ad
787 893 936 960 Indicum
950 913 1056 976 usque

116 991 287 1062 Oceanum
309 997 401 1063 Semo
424 997 512 1075 datia,
538 998 663 1084 reliquia
676 999 769 1076 Asini,
788 1001 834 1064 eis
850 998 1056 1084 Euphratem

20 1151 21 1180 ,
114 1124 189 1168 eum
205 1103 276 1168 tote
290 1105 430 1192 Europa
448 1108 491 1172 ad
514 1107 629 1174 Gades
653 1129 757 1193 usque
776 1109 929 1194 Japteto,
955 1087 1055 1190 Syria

20 1201 21 1216 ¹
112 1209 190 1272 vero
206 1231 281 1274 oum
292 1210 421 1278 Arahtu
431 1225 465 1278 et
475 1212 597 1300 Assied
610 1225 678 1278 tota
690 1213 791 1280 Curuo
802 1215 930 1298 obtigit.
976 1213 1056 1287 Pro·

20 1351 21 1366 ,
112 1337 242 1382 cessum
256 1318 356 1402 igitur
371 1321 412 1386 ab
428 1321 565 1386 Oriente
585 1334 634 1386 est
654 1323 698 1386 ad
717 1323 952 1388 omoenissimos
972 1343 1056 1386 cam-

20 1479 21 1516 ,
112 1448 173 1510 pos
189 1427 317 1492 Senour
334 1428 367 1492 in
383 1427 633 1514 Mesopotamia,
656 1431 723 1506 ubi,
745 1441 918 1513 antequam
932 1429 1057 1512 disper-

113 1544 247 1618 geretur
260 1535 294 1598 in
308 1533 641 1602 diversaMortalium
654 1557 770 1619 genus,
784 1535 956 1607 civitatem,
980 1555 1056 1616 quae

113 1641 269 1724 potentie
290 1654 534 1708 monumentum
559 1653 657 1718 esset,
683 1641 726 1704 ad
747 1638 928 1724 Euphratis
952 1639 1056 1722 ripam

112 1748 266 1826 condere,
287 1750 375 1814 etin
396 1772 436 1814 ea
457 1750 573 1816 turrim
593 1748 687 1814 Coelo
708 1750 907 1814 minitantem
929 1747 1055 1830 erigere

112 1865 296 1938 caeperunt,
321 1856 480 1939 prooessit
503 1856 580 1920 vero
606 1875 692 1939 opus
720 1857 764 1920 22
788 1875 957 1931 annorum,
982 1873 1056 1916 eum

110 1956 202 2024 Deus
225 1959 307 2044 Opt.
330 1959 427 2026 Max.
461 1961 613 2046 superbae
649 1960 879 2027 aedificantium
910 1961 1055 2036 vanitati,

114 2067 205 2150 quasi
220 2089 281 2152 per
294 2078 515 2152 contemptum
528 2065 677 2143 illudens,
690 2089 803 2133 eorum
817 2067 959 2132 omnium
975 2066 1056 2130 idio·

114 2173 271 2257 mequod
286 2185 362 2240 tuuc
381 2174 513 2238 unicum
532 2185 614 2252 erat,
638 2185 672 2238 et
692 2173 905 2260 probabiliter
923 2172 1055 2258 quidem

115 2277 327 2357 Hebraeum,
352 2280 385 2344 in
409 2281 460 2344 72.
482 2291 564 2364 quot
586 2280 804 2346 tamfuemnt
826 2278 1055 2344 aedificantium

115 2384 252 2461 familiae,
274 2387 449 2472 dispersit:
471 2385 538 2470 qud
559 2385 742 2471 linguarum
763 2385 975 2468 dispersione,
997 2395 1054 2448 aut

114 2492 314 2570 confusione,
351 2493 448 2560 talem
480 2494 616 2562 induxit
651 2493 684 2556 iu
724 2492 847 2554 animos
882 2490 1054 2573 perturba·

115 2601 247 2680 tionem,
265 2611 313 2678 ut,
328 2601 410 2666 dum
422 2600 634 2685 loquerentur
648 2617 769 2671 omnes,
791 2595 887 2678 pauci
908 2594 1054 2678 percipe-

115 2718 196 2783 rent,
211 2705 306 2791 oopiir
325 2708 424 2774 nimia
438 2707 595 2772 sermonis
617 2703 761 2790 inopium
779 2702 947 2787 patienta
970 2699 1054 2766 adeo

115 2825 151 2876 ut
165 2811 279 2884 relicto
287 2815 366 2899 jam,
386 2837 453 2880 non
467 2815 632 2899 potentie,
655 2812 715 2878 sed
730 2810 926 2878 confusionis
941 2831 1054 2876 monu-

115 2930 233 2996 mento,
256 2920 290 2984 in
311 2921 478 3006 regionem
497 2941 599 2997 summ,
623 2917 744 3004 quique
760 2916 898 3004 profecti
920 2915 1050 2992 suerint,

20 3037 21 3060 ¹
116 3047 174 3090 nee
188 3048 223 3090 se
240 3027 453 3093 meminerint.

177 3131 273 3196 Solus
286 3132 409 3212 Heber,
425 3134 566 3220 Phalegi
579 3145 684 3219 pater,
699 3134 776 3219 quia
796 3130 1003 3198 aeditioetiooi
1016 3151 1050 3194 se

114 3258 177 3301 non
197 3239 379 3316 immiscuit,
402 3239 545 3326 linguam
567 3239 657 3324 priuis
680 3239 829 3304 omnibus
850 3257 1051 3302 communem

20 3331 23 3362 ²
114 3345 445 3412 sibietPosterissuia
456 3347 608 3414 Haebreis
620 3346 1047 3423 vindicare‚acconservare

20 3519 21 3536 ,
115 3456 251 3528 meruit„
282 3455 431 3522 Fenisius
441 3469 561 3533 autem,
576 3453 627 3522 rel
639 3453 758 3520 Fenius
769 3451 930 3518 Formidlr
941 3451 1049 3516 dietus

113 3560 215 3644 (cujus
237 3562 460 3650 geueologiam
474 3562 538 3628 aid
551 3564 587 3628 in
599 3560 718 3628 schem.
733 3571 812 3626 seot.
830 3561 896 3640 21.)
907 3555 1044 3633 Hedera,
1099 3633 1100 3636 Ἴ
