2438 4308
158 329 202 394 lt)
544 343 721 392 nicenum.

160 501 199 566 In
213 509 279 566 tres
295 497 437 584 septenis
453 497 578 582 speeies
590 491 802 584 distinguitur
816 500 928 578 annis;
1016 491 1019 498 ⁴

162 606 242 676 Pers
256 605 364 672 fundo
374 604 510 683 ferrum,
527 625 583 670 cos
598 599 764 685 fluctibus,
779 605 877 672 arbor
891 607 1015 694 aprico.

614 753 646 818 4.

161 881 278 948 Monte
294 883 374 948 ssitu
391 881 498 946 Gamo
512 879 584 945 fons
599 891 660 957 est,
677 877 900 966 Sligoensibus
915 881 1001 970 agris

162 988 229 1064 Qui
244 989 319 1055 licet
333 989 447 1054 oceani
463 1009 528 1053 non
544 987 586 1052 sit
600 988 820 1054 conterminus
835 1011 912 1066 orte,

162 1093 303 1182 Quoque
314 1095 458 1182 repletur
469 1096 561 1181 aquis
570 1095 667 1160 modi)
677 1093 838 1172 dulcibus,
849 1096 988 1161 etmodd
999 1096 1106 1175 salsis,

162 1199 238 1266 Sole
252 1202 302 1266 bis
315 1199 447 1266 alternis
464 1221 591 1286 semper
605 1197 768 1265 variabilis
783 1199 891 1265 undis.

617 1354 648 1412 d.

161 1473 260 1540 Mons
275 1485 326 1540 est
341 1474 496 1561 Lageuiae
510 1475 632 1560 piscosi
645 1475 679 1539 in
693 1475 838 1561 margine
855 1474 964 1555 Liffei,
1039 1479 1106 1544 725

161 1581 248 1647 Fons
263 1582 320 1646 ubi
331 1594 456 1647 naturae
469 1593 638 1668 permanat
652 1605 784 1648 munere
800 1597 980 1671 praestans3

160 1689 200 1755 lu
215 1713 311 1775 quem
326 1691 368 1757 de
382 1713 487 1757 nuceo
501 1692 668 1777 projectus
683 1691 793 1776 stipite
808 1715 927 1772 ramus,

158 1797 354 1866 Fraxineam
368 1821 533 1874 assumens
548 1799 694 1880 formam,
708 1799 747 1864 fit
762 1799 907 1866 fraxinus
924 1804 1031 1868 undis.

615 1952 646 2016 6.

159 2079 269 2146 Insula
284 2079 434 2156 Iniskaea,
452 2079 580 2163 scriptis
596 2088 634 2142 ut
647 2076 731 2143 fama
745 2079 889 2164 priorum

160 2183 303 2250 Credula
319 2183 534 2261 commendat,
549 2183 640 2268 regio
654 2204 720 2266 qua
733 2185 895 2267 prominet
909 2183 995 2250 lrras
1035 2186 1102 2252 730

161 2292 285 2358 Oceani
299 2293 333 2355 in
347 2291 478 2370 fluctus,
494 2313 571 2376 grus
586 2301 636 2355 est
651 2291 692 2356 ab
707 2291 830 2376 origine
845 2313 953 2358 rerum

159 2397 276 2476 Unica,
291 2397 450 2464 sideribus
465 2395 593 2462 minime
608 2407 800 2482 consumpta
815 2398 941 2462 coaevis.

613 2545 644 2610 7.

159 2675 301 2740 Cernere
317 2672 487 2760 lnisgloria
501 2685 552 2738 est
565 2671 694 2758 pelago,
710 2671 799 2756 quod
814 2675 970 2759 prospicit
984 2671 1084 2754 Irras,

158 2780 270 2848 Insula
284 2805 372 2860 avos,
388 2792 563 2864 atavosque
579 2779 647 2844 solo
660 2763 737 2864 post
751 2779 819 2845 fata
833 2781 988 2867 sepultos,

157 2891 292 2976 Effigies
308 2911 436 2954 servare
452 2910 539 2966 suas,
557 2887 746 2973 uegetisque
761 2890 870 2974 vigere
1035 2891 1101 2956 735

158 2997 333 3083 Unguibus
359 3007 458 3080 atque
485 2995 604 3060 comis:
633 2993 797 3059 hominurn
827 3017 903 3062 caro
930 2995 1017 3062 nulla
1039 3020 1101 3082 pu-

242 3107 362 3172 tresoit.

612 3260 642 3319 8.

156 3383 282 3450 Littore
298 3383 464 3464 Eothulio,
481 3383 701 3470 Sligoensibus
719 3385 851 3470 insuper
866 3385 963 3472 agris,

154 3492 194 3556 In
209 3491 315 3556 medio
329 3491 444 3578 refugo
458 3493 513 3556 vix
528 3477 677 3558 emminei
691 3514 822 3577 aequore
837 3492 935 3558 areni

154 3598 329 3686 Congeries
344 3598 488 3684 lapidum
501 3627 509 3680 ;
532 3611 639 3666 umen
654 3601 883 3666 accedentibus
899 3602 1006 3680 undis,
1025 3613 1028 3620 '

153 3705 287 3773 Vertice
302 3708 390 3774 nuda
406 3706 464 3774 sali
480 3707 598 3774 refluos
615 3711 864 3794 superemminet
879 3723 989 3805 aestus.
1029 3713 1095 3776 tto
