2438 4308
496 343 675 392 flatuum.

154 495 195 560 In
209 495 313 580 pratia
326 505 473 564 armenta
486 497 587 564 boum
600 495 786 583 promiscua
800 495 903 566 cervis

20 647 22 680 ,
112 599 347 689 Capreolisque
361 601 472 668 videa:
496 602 624 670 miraris
639 623 777 690 corpore
792 613 949 688 quantum

110 709 212 776 Molis
227 708 340 790 babet,
356 719 577 796 quantumque
590 711 706 798 procul
721 732 756 777 ae
771 733 893 779 cornua
902 707 1041 785 findant,

110 817 288 902 Qubmque
302 839 378 884 caro
393 818 510 902 sepiat,
524 815 630 884 velent
644 819 742 904 quim
755 839 870 884 osseus
884 827 918 882 et
932 815 1033 902 quim

109 924 180 989 Lac
195 925 293 1010 sapit,
309 935 344 990 et
356 947 472 1009 presso
487 925 670 992 confectum
683 924 768 994 lacte
778 926 945 1010 butyrum.
993 924 1055 990 105

107 1031 286 1118 Indignata
298 1031 452 1120 frequens
466 1042 633 1100 taurorum
646 1033 700 1100 bic
714 1031 838 1120 ungula
851 1055 1001 1119 eampum

108 1139 269 1219 Percutit,
285 1141 429 1206 adversis
444 1138 611 1208 luctantur
625 1140 778 1208 cornibus
792 1140 892 1218 hedi,

18 1259 19 1268 ’
109 1245 157 1311 Et
172 1248 260 1312 vieto
274 1245 408 1312 insultat
421 1247 574 1333 maserei
586 1249 689 1314 vietor
702 1245 812 1316 areni.

108 1354 224 1440 Terga
237 1353 337 1420 borim
347 1354 505 1440 quantrim
519 1354 648 1423 valeant
660 1355 696 1422 id
711 1357 831 1444 smpius
845 1355 910 1442 ipsi

108 1459 308 1527 Landairunt
321 1461 433 1550 Angli.
476 1463 544 1531 Sed
558 1487 662 1551 equos
676 1465 813 1530 trandre
827 1465 900 1551 quis
913 1463 1030 1529 errori

109 1569 205 1643 Quos
218 1569 289 1635 aliae
304 1582 421 1658 gentes
435 1593 501 1637 non
514 1571 749 1638 Asturionibus
763 1571 843 1655 ipsis
989 1570 1048 1635 lll

108 1676 339 1762 Postponunt:
362 1678 583 1764 glomerantur
596 1681 629 1757 ii,
643 1678 761 1746 saltare
774 1689 928 1764 putares:

17 1855 18 1864 χ
107 1786 175 1851 Vix
190 1787 294 1852 ocreis
310 1810 393 1873 opus
408 1800 460 1854 est
473 1789 596 1875 equiti3
618 1811 693 1854 nam
708 1812 728 1854 a
742 1787 894 1854 sordibus
908 1785 997 1853 illum

106 1893 184 1978 lpse
198 1895 349 1960 incessus
362 1897 440 1980 equi
453 1895 592 1964 nitidum
607 1905 796 1964 conservat:
819 1895 853 1958 in
866 1892 921 1959 illo

17 1985 18 1990 ἵ
105 1999 321 2088 Magnificum
335 2014 386 2068 est
400 2003 568 2088 quiddam,
583 2005 735 2090 majestas
750 2023 888 2087 corpore
901 2008 991 2076 toto;

105 2107 206 2174 Unde
222 2110 370 2195 superbit
384 2133 497 2197 eques,
513 2133 613 2178 eursu
627 2110 769 2178 velocior
783 2108 894 2177 Euris.
987 2105 1049 2172 116

149 2216 349 2306 Lanigerum
364 2231 513 2306 spectare
527 2240 661 2307 gregem
673 2219 842 2304 lectasque
855 2215 1006 2284 bidentes

105 2323 160 2390 Ne
174 2327 308 2410 pigeat:
331 2325 452 2394 molem
467 2337 501 2392 et
515 2325 622 2393 lanam
636 2328 774 2405 mirare;
789 2311 970 2410 'quotannis

16 2515 17 2520 ἵ
106 2426 238 2493 Vellera
253 2431 303 2495 bis
318 2429 432 2496 tondet
446 2442 572 2516 pastor,
587 2433 706 2518 quibus
718 2432 791 2516 ipsa
804 2429 956 2497 Minerva

105 2535 176 2601 Vix
191 2535 324 2604 meliora
338 2549 465 2619 comat3
489 2539 549 2606 soli
563 2561 640 2604 caro
654 2537 805 2622 displicet
818 2535 865 2600 illi
986 2540 1046 2598 120

106 2643 168 2708 Cui
182 2643 291 2711 nullus
307 2669 405 2733 sapor
418 2659 480 2712 est.
526 2644 690 2711 Animalia
703 2655 823 2710 eaetera
836 2643 878 2707 ab
893 2639 954 2706 illis

105 2749 226 2816 Omnia
239 2750 342 2830 disce,
356 2753 474 2838 quibus
487 2753 603 2818 domus
617 2751 743 2834 indiget
755 2747 830 2816 ulla.
851 2747 1048 2828 Notandum

104 2857 235 2921 AEstate
249 2880 288 2924 ae
302 2858 423 2936 hieme,
441 2859 496 2926 bie
509 2858 601 2926 nullo
613 2858 809 2935 discrimine,
823 2877 951 2924 amoena

103 2963 202 3029 Prata
216 2987 287 3051 per,
302 2976 336 3032 et
351 2965 456 3052 sylvas
469 2977 634 3053 noctuque
649 2967 771 3051 diuque
785 2963 896 3050 vagari

104 3070 209 3135 Omne
221 3093 322 3156 pecus
335 3093 343 3134 :
358 3073 418 3138 nisi
430 3070 505 3158 quae
517 3071 647 3138 domino
661 3070 782 3136 servire
794 3077 957 3144 tenentur,
983 3066 1044 3130 125
1076 3074 1077 3077 ’

104 3176 170 3242 Aut
184 3200 294 3262 opere,
310 3189 367 3244 aut
381 3177 511 3256 fructu3
535 3176 708 3262 sylvestres
723 3195 811 3258 saepe
823 3181 959 3256 putares

103 3285 185 3350 Esse
200 3287 299 3352 boves
314 3296 348 3352 et
362 3308 476 3372 equos.
516 3284 670 3352 Humana
684 3283 745 3349 hos
761 3280 889 3346 territat
902 3279 1026 3344 umbra.

143 3393 180 3458 Si
196 3391 290 3459 Deus
305 3395 457 3460 armentis
472 3405 614 3480 penest,
632 3403 668 3458 ut
682 3389 793 3458 fabula
806 3387 912 3474 fingit,

101 3498 165 3564 Hic
182 3499 275 3566 Deus
289 3500 454 3580 Areadiae,
470 3500 595 3567 mutati
610 3499 688 3566 aede
703 3506 857 3564 moratur.

101 3605 261 3673 Ursorum
275 3607 383 3672 rabies
397 3605 487 3672 nulla
501 3617 553 3672 est
568 3605 633 3684 hic,
648 3603 737 3670 nulla
750 3603 880 3668 leonum
980 3598 1040 3662 130

100 3713 239 3792 Semina,
254 3711 353 3793 nulla,
374 3713 492 3800 quibus
506 3712 625 3781 infesta
639 3722 690 3778 est
702 3710 827 3786 Africa,
841 3715 995 3771 monstra.
