2440 4292
451 341 629 390 ursanum.
950 322 1011 402 118

69 481 114 551 Et
128 488 232 568 certe,
258 489 379 558 nullius
402 514 545 582 unquam
570 495 676 582 gentis
702 493 926 582 migrationem
948 505 1014 562 tan

70 595 168 660 certis
194 598 418 686 consignatam
431 601 591 688 Ephesis,
613 600 689 688 legi,
712 602 811 686 quim
834 601 919 668 hunc
940 601 1014 668 Ma·

65 703 174 784 jorum
189 716 375 770 nostrorum
389 707 624 793 migrationem.
650 705 743 784 Qun
757 707 913 794 Ephocas
923 720 961 775 ut
971 710 1014 775 ad

70 808 242 896 historiam
272 812 485 879 universalem
513 814 653 880 maxime
682 815 892 900 pertinentes,
927 815 1015 882 bons
1055 879 1058 892 ,

71 917 224 985 Lectoris
233 919 336 1000 renisi,
348 942 393 986 ex
403 919 569 986 Flahertio
578 919 644 986 huc
654 920 795 986 inserere
807 943 871 1002 non
882 921 1013 987 distuiii.

69 1024 241 1092 Numerus
269 1029 393 1112 primus
419 1027 454 1111 (a
482 1050 532 1094 me
561 1028 723 1112 adjectus)
746 1028 840 1092 istius
862 1048 936 1092 cerm
958 1039 1015 1093 aut

69 1132 217 1220 procae
236 1135 362 1200 initium
382 1134 536 1202 denotat:
564 1134 726 1200 secundus
748 1135 826 1200 verb
849 1155 950 1218 annos
971 1135 1014 1200 ab

68 1239 144 1306 inde
166 1241 367 1327 interjectos,
389 1242 556 1327 usquead
579 1241 745 1308 Scotorum
765 1242 801 1308 in
821 1241 1013 1308 Hiberniam

70 1345 256 1433 appulsum.

132 1454 270 1522 Annum
283 1457 396 1522 mundi
405 1458 474 1543 jam
487 1455 565 1523 ante
579 1456 743 1534 adnotavi,
758 1477 886 1541 nempe,

70 1564 169 1629 9934.
192 1563 306 1638 Quare
317 1565 360 1628 ab
379 1563 448 1629 aliis
461 1563 678 1650 incipiendum
693 1563 848 1649 Epirotis.
893 1559 1015 1634 Quam·

13 1661 14 1670 ¹
245 1669 365 1736 obrem.

73 1779 166 1844 1657.
188 1776 223 1848 Α
237 1777 367 1846 Diluoii
380 1777 569 1844 universalis
583 1797 718 1846 recessu
737 1776 781 1842 ad
802 1776 968 1844 Scotorum
981 1777 1015 1852 in

221 1881 416 1950 Hiberniam
430 1886 604 1952 adventum
616 1882 813 1950 effluxerunt
826 1883 902 1948 anni
919 1883 1011 1948 1277.

13 2005 14 2068 ς
74 1994 170 2060 1758.
193 1989 229 2058 Α
252 1990 419 2057 nativitate
442 1990 581 2079 Pholeg,
607 2002 769 2058 terrarum
793 1989 956 2068 divisione,
981 1999 1015 2054 et

13 2075 14 2161 1
221 2097 403 2184 linguarum
418 2098 610 2184 confatione,
626 2102 724 2164 1176.

14 2255 15 2296 t
73 2207 167 2273 1969.
188 2203 246 2271 Ab
267 2205 409 2271 adventu
429 2206 634 2285 Partbolom‘,
649 2206 762 2291 primm
775 2205 809 2270 in
822 2204 1014 2274 [smmum

14 2311 15 2378 ἶ
224 2309 366 2377 Colonioe
382 2311 526 2378 ductoris
540 2313 615 2378 965.

69 2421 167 2488 2029.
190 2417 225 2484 A
238 2417 478 2484 Nemetbiorum
489 2419 522 2484 in
532 2419 726 2486 Hiberniam
735 2417 926 2503 migratione
939 2416 1012 2480 995.

70 2530 166 2595 9945.
188 2525 224 2590 A
252 2525 396 2612 Gomngi
424 2527 522 2590 turris
552 2526 691 2602 excidio,
718 2537 752 2590 et
776 2523 1014 2589 Nemetlriomm

223 2632 413 2699 exterminio
427 2633 501 2698 689.

71 2742 167 2808 9657.
190 2738 222 2804 A
236 2740 409 2824 Belqoram
423 2738 457 2804 in
470 2737 663 2806 Hiberniam
677 2735 818 2823 appulsu
831 2734 873 2802 97
875 2734 895 2798 7
897 2779 905 2795 .

75 2853 167 2916 1737.
189 2847 723 2929 ΑΒακαπηαηιηι,ΝωηαίΙιίονωη
732 2845 851 2923 reditu,
860 2853 894 2912 et
902 2840 1013 2929 praelio

224 2954 429 3042 Moyturensi
450 2953 521 3020 197.

74 3065 168 3132 1949.
191 3063 275 3130 Item
289 3085 309 3128 a
324 3061 424 3128 natali
438 3062 581 3128 Aurata
594 3061 669 3128 985.

71 3173 169 3242 9094.
190 3169 248 3237 Ab
259 3173 357 3257 ejuse
370 3157 505 3236 Cleonis
512 3169 756 3255 Mesopotamia
768 3168 871 3253 primo
880 3185 1013 3249 egressu

222 3280 255 3343 in
274 3279 465 3344 Coroneam
477 3288 511 3343 et
525 3295 633 3344 rerum
654 3274 892 3340 Hebroieorum
913 3271 1011 3336 initiis

224 3393 297 3453 910.

74 3494 168 3564 9453.
192 3492 249 3560 Ab
264 3491 384 3559 Exodo
398 3493 622 3560 Israelitorum
637 3515 679 3558 ex
694 3491 853 3576 AEgypto,
869 3485 944 3551 481.

19 3625 24 3632 ·
74 3603 169 3668 9493.
193 3600 248 3667 Ab
263 3621 374 3667 eorum
387 3602 545 3687 ingressu,
561 3599 715 3666 defuneto
725 3595 855 3681 Moyse,
864 3595 896 3660 in
910 3593 1014 3658 Cano·
1131 3620 1132 3623 ¹

223 3729 332 3787 mom,
347 3709 421 3774 441.
