2438 4308
468 363 649 412 munuum.

296 557 349 622 25.
373 519 555 626 (limenun.
572 557 660 624 Dist.
674 555 754 644 Cup.
770 565 823 658 ἓξ.
912 533 913 540 ¹

159 680 291 749 “Aeris
306 707 436 771 quoque
450 685 620 754 clementie
639 697 730 752 tento
750 697 812 764 est,
835 695 873 752 ut
894 705 955 752 nee
979 707 1035 750 ne-

93 787 170 856 buln
188 790 345 872 inliciens,
367 816 428 859 nec
449 795 580 880 spiritus
605 794 659 859 hio
679 792 845 879 pestilens,
869 813 930 858 neo
955 813 1035 858 aurs

93 917 315 984 corrumpens.
373 900 579 968 Medicorum
615 923 716 988 opere
757 923 873 987 parum
909 899 1034 986 indiget

94 1003 227 1070 insule.”
284 1007 433 1074 “Nemo
465 1031 609 1096 uuquam
635 1008 871 1095 indigenarum,
902 1017 1033 1084 terrum,

95 1133 267 1198 aeremque
290 1114 454 1182 salubrem
475 1137 541 1194 noe
563 1137 728 1202 egressus,
745 1114 813 1182 ulld
826 1116 923 1182 trium
937 1133 1037 1200 gene·

96 1239 167 1285 rum
188 1220 298 1304 speeie
313 1220 517 1302 febricitavit,
544 1222 614 1290 sole
636 1233 795 1288 vexantur
817 1231 913 1289 scuta
932 1243 1035 1306 euque

96 1326 398 1409 peruror-laem.

277 1498 330 1562 26.
354 1495 537 1564 Cononem
562 1495 650 1564 Dist.
667 1497 694 1563 1.
709 1495 790 1585 Cup.
807 1497 857 1563 19.

162 1623 315 1712 “Habet
341 1627 427 1692 enim
454 1647 566 1693 cervos
603 1648 674 1712 prae
709 1627 806 1692 nimiu
837 1625 1036 1712 pinguedine

27 1767 30 1772 ·
98 1733 203 1798 minius
219 1733 333 1820 fugere
348 1729 572 1821 praevalentes,
592 1733 779 1819 quantoque
800 1733 939 1798 minores
962 1743 1038 1798 sunt

101 1841 247 1928 corporis
270 1841 460 1927 quantitate,
482 1840 574 1905 tentd
595 1839 832 1925 praecellentius
855 1837 1038 1906 efferuntur

101 1949 217 2037 capitis
231 1959 266 2014 et
280 1971 436 2014 cornuum
451 1948 639 2034 dignitate.”

164 2053 252 2121 ΞΓ
254 2053 459 2142 ‘Accipitres
479 2077 558 2142 ergo
578 2067 611 2120 et
626 2053 780 2134 falcones,
801 2066 835 2122 et
849 2056 947 2135 nisos,
969 2055 1040 2141 qui·

100 2147 161 2229 bus
183 2163 227 2228 ud
241 2161 398 2228 nobilium
410 2161 541 2228 delicias
555 2164 700 2228 animosa
714 2174 849 2249 pectora
867 2175 1042 2280 rostraque

102 2292 238 2335 recurva
253 2278 286 2335 et
301 2281 406 2348 acuta,
422 2268 525 2354 pedes
548 2270 712 2356 unguibus
725 2279 864 2346 armatos
880 2282 1041 2358 aptosque

102 2375 223 2461 praedae
239 2385 355 2441 natura
370 2375 474 2452 dedit,
490 2397 559 2461 prae
571 2374 640 2444 aliis
654 2377 855 2463 regionibus,
866 2375 938 2442 haec
954 2376 1042 2460 copi-

102 2484 159 2548 osis
173 2483 342 2570 producit!
344 2483 495 2572 ¹—Idem,
510 2505 582 2569 cap.
598 2485 630 2550 8.

165 2591 218 2656 28.
242 2588 472 2676 “Aquilonum
494 2612 626 2676 quoque
647 2611 713 2654 non
735 2590 889 2670 minorem
905 2587 966 2656 hic
989 2611 1043 2654 co·

99 2700 200 2784 piam,
211 2717 308 2782 quom
321 2693 398 2761 olibi
411 2693 577 2761 milvorum
592 2694 873 2774 videas.”-Idem,
888 2717 960 2782 cap.
973 2695 1006 2761 9.
1092 2729 1098 2740 ·

168 2800 221 2869 29.
245 2801 364 2867 “Aves
388 2803 459 2868 istae
475 2803 510 2867 in
532 2803 621 2889 ipsos
645 2801 758 2868 solaris
773 2782 918 2888 corporis
935 2803 1043 2868 radios

103 2909 339 2978 irreverberato
353 2905 473 2976 lumine
493 2907 595 2975 aciem
610 2909 760 2996 deligunt
775 2907 940 2982 oculorum
955 2922 1044 2979 lene-

103 3040 223 3104 tosque
238 3015 337 3084 foetus
359 3019 408 3100 (ut
421 3015 536 3098 fertur)
563 3015 606 3082 ed
625 3016 712 3082 idem
731 3019 886 3084 erudiunt
900 3015 951 3085 vel
965 3017 1043 3082 invi-

106 3125 190 3190 tos.’'

364 3271 417 3338 30.
441 3270 623 3350 Lomsnnu,
640 3271 721 3358 Cup.
735 3271 786 3337 10.

172 3397 362 3484 “Denique
381 3408 579 3484 generentur
601 3397 656 3464 hio
678 3396 887 3484 pulcherrimi
906 3419 945 3464 ao
963 3421 1046 3486 prm-

110 3505 299 3573 stuutissimi
308 3505 408 3570 totius
420 3505 469 3588 (ut
479 3505 627 3590 putetur)
637 3503 781 3588 Europae
790 3506 929 3572 venatici
939 3515 1047 3584 canes,

109 3615 196 3700 iique
219 3613 317 3678 etiam
339 3611 539 3677 diversorum
558 3631 737 3696 generum3
760 3622 836 3676 suut
855 3611 908 3678 alii
930 3611 1068 3696 purtim

111 3719 271 3788 communi
286 3739 360 3785 cum
373 3715 442 3784 eliis
462 3718 649 3804 regionibus
675 3715 788 3794 formis,
809 3728 842 3784 et
857 3720 1049 3802 quantitate,
