2440 4292
172 354 235 422 134
556 367 733 415 ursanum.

208 526 240 592 3.
305 523 414 611 Supra
427 543 558 601 annum,
572 523 695 589 brumis
711 530 842 606 sceptra
854 517 983 586 duabus
997 519 1120 590 babet.

164 631 241 698 615.
263 631 413 698 Samaeos
421 629 625 717 Eugeniddm
636 627 976 714 cognatoesanguine
984 649 1120 713 regum,

191 740 242 806 1³.
306 738 458 805 Jcoernae
472 737 629 802 tredecim
642 735 801 802 messibus
816 757 894 800 arva
908 744 1008 801 tenet.

166 849 242 915 628.
265 847 417 921 Quatuor
430 845 610 912 Anmiridae
624 843 754 911 soboles
768 843 953 912 dominatur
966 841 1062 922 Alci,

191 956 241 1022 14.
307 955 510 1021 Domnoldcr
524 953 622 1020 Jania
634 963 711 1039 post
725 952 793 1017 duo
806 952 909 1018 lustra
923 953 1008 1038 pius.

165 1064 241 1131 642.
265 1064 458 1130 Makooidae
479 1075 644 1149 sceptrum
664 1061 730 1129 duo
753 1061 902 1146 Kollyda,
926 1070 1024 1144 atque
1049 1055 1117 1124 Oo-

397 1171 514 1247 callus,

192 1286 243 1348 12.
309 1281 433 1347 Lustra
445 1302 506 1366 per
520 1290 554 1345 et
568 1281 699 1344 brumas
714 1277 883 1344 detinuere
898 1278 991 1343 duas.

167 1396 242 1456 654.
266 1387 381 1454 Fratre
397 1386 453 1451 sed
469 1387 614 1451 extincto
628 1384 721 1470 regni
734 1394 897 1464 consorte,
914 1385 1067 1450 Corrallcr

210 1495 242 1558 4.
307 1493 460 1567 Quatuor
474 1503 645 1556 autumnos
660 1514 764 1577 usque
780 1490 946 1576 superltes
962 1502 1043 1557 erat.

167 1605 241 1666 658.
265 1598 458 1663 Domitiam
472 1609 507 1664 et
520 1597 694 1662 Blntlrmcc
707 1597 801 1661 natos
817 1596 983 1662 Stanenrc'a
998 1594 1081 1661 Arda·

211 1710 241 1771 7.
307 1706 490 1792 Septennes
505 1725 600 1790 reges
614 1705 716 1789 pestis
731 1704 850 1770 acerba
863 1716 968 1768 necat.

265 1811 372 1880 Patris
382 1812 427 1876 ab
441 1811 585 1876 adventu
597 1810 726 1875 Potrici
739 1819 855 1895 quater
869 1818 944 1875 octo
958 1811 1109 1877 ducentis

307 1916 475 1981 Messibus
488 1916 522 1980 in
537 1915 631 1981 Maio
646 1915 694 1980 sol
709 1917 901 1982 tenebrosus
916 1929 997 1982 erat.

263 2022 372 2096 Quem
383 2021 471 2086 subit
479 2021 641 2106 Erlqcm's,
651 2023 745 2088 simul
753 2047 791 2090 ac
803 2023 933 2090 funesta
940 2025 1112 2092 Britannis

308 2129 472 2213 Contages
487 2127 621 2214 geminis
636 2130 768 2216 regibus
784 2130 837 2195 illa
852 2130 956 2197 ferox.

167 2237 241 2304 665.
263 2235 529 2306 Blotlrmacdldea
552 2234 646 2322 lapsa
668 2249 718 2304 est
735 2250 907 2325 postquam
927 2252 978 2306 ter
991 2243 1110 2307 bruma

393 2341 548 2421 secunda,

210 2453 239 2516 6.
306 2452 553 2516 Sachocsaclrus
566 2451 659 2536 regni
674 2451 794 2536 guadia
810 2453 899 2518 caede
914 2453 982 2518 luit.

29 2573 31 2580 ’
166 2561 242 2626 671.
266 2560 421 2626 Succedit
436 2558 529 2627 fratri
547 2569 687 2644 quatuor
702 2559 896 2646 Kcnqscliua
911 2583 1024 2637 annos,

195 2669 239 2762 Ι4.
305 2667 483 2752 Progenies
499 2667 639 2753 generis,
654 2667 857 2748 Blatlrmoce,
873 2668 973 2755 digna
987 2669 1047 2733 tui.

165 2779 239 2843 675.
261 2776 433 2841 Donclzcdi
448 2773 586 2853 soboles,
602 2777 711 2862 magni
723 2776 884 2843 Finnocto
899 2798 1069 2861 neposque

166 2887 218 2950 20.
304 2883 479 2960 Slonanslr,
494 2885 632 2967 patriam
645 2883 748 2949 lustra
762 2893 921 2969 quaterna
935 2883 1028 2969 regit.

165 2998 237 3057 695.
261 2990 443 3056 Lonaeclrcr
457 2989 573 3054 AEneoe
586 2973 748 3076 natusque
763 3013 932 3078 neposque
947 2990 1095 3070 secundi,

208 3105 239 3165 6.
306 3097 483 3162 Domnatli
496 3098 627 3163 brumas
643 3109 758 3185 regnat
772 3101 814 3164 ad
829 3122 934 3186 usque
948 3122 1075 3164 novem.

259 3204 367 3271 Julius
381 3203 459 3269 huic
473 3205 570 3270 vitam
585 3207 757 3270 certamine
773 3206 894 3270 mensis
909 3205 1040 3282 ademit,

302 3309 459 3388 Sabbata,
474 3321 507 3374 et
522 3309 727 3376 undecimum
747 3311 819 3376 luce
836 3321 991 3397 sequente
1007 3309 1104 3376 diem.

162 3419 235 3484 704.
258 3418 425 3484 Sufficitur
440 3430 564 3504 septem
578 3418 718 3503 patrueli
736 3419 900 3504 Congalus
914 3439 1029 3499 annos,

204 3527 234 3591 7.
301 3524 408 3598 Quem
425 3524 533 3591 subitb
548 3525 591 3590 ad
605 3523 744 3590 loculum
760 3549 846 3590 mors
861 3526 993 3611 inopina
1007 3527 1105 3612 rapit.

162 3636 236 3704 711.
259 3631 390 3720 Regnat
405 3632 574 3698 Hauridna'
590 3632 718 3700 soboles
733 3633 868 3699 illustris
883 3633 964 3700 Aias
1098 3687 1101 3694 .

185 3745 234 3808 11.
301 3741 450 3827 Fcrgnlls
464 3727 625 3807 autumnis
642 3753 714 3810 octo
730 3743 899 3827 tribusque
912 3743 1040 3812 throno.
