2438 4308
458 373 634 422 usurarum
972 357 1015 423 63

118 550 142 580 “
157 545 275 611 Visere
294 542 467 613 Casttenoe
481 567 547 612 non
563 546 759 633 dedignatur
773 547 924 634 Aoenliffl

157 653 262 718 lstum
276 653 412 719 Dublini
426 653 562 740 suscipit
574 654 664 720 unda
678 649 802 720 maris.”

73 799 230 866 Celebres
245 799 354 868 adhuc
370 813 445 867 sunt
459 793 559 880 fluvii,
582 803 678 869 Boua
699 812 733 868 at
750 803 865 870 Surisca
879 824 1018 889 quorum

72 907 126 974 hic
141 910 185 974 ud
203 906 464 994 Wutersordiom,
479 906 533 975 ille
544 909 586 976 ad
598 909 808 995 pontivadum
819 909 918 998 vulgo
929 911 1019 977 Dro-

72 1017 197 1094 hedam,
215 1038 251 1082 se
266 1017 346 1081 mari
361 1016 556 1096 commiscet,
577 1027 661 1082 teste
671 1014 740 1103 jem
754 1018 853 1084 citato
867 1013 1017 1084 Neacho.

115 1172 138 1202 ‘⁴
149 1166 242 1232 Ecce
256 1166 353 1232 Boon
367 1169 423 1252 qui
435 1165 525 1232 Trim
539 1164 626 1233 cslsr
639 1165 747 1232 influit
761 1165 847 1234 illius
862 1169 980 1243 undas,

162 1271 316 1339 Subdere
331 1295 366 1338 se
382 1272 471 1339 falsis
485 1271 644 1339 Drohedu
659 1274 762 1339 cernit
775 1275 879 1360 aquis.

117 1381 235 1446 Sarius
249 1380 407 1468 insignem
421 1380 550 1468 gaudet.
558 1380 663 1448 ditare
685 1381 871 1468 Watersord
878 1407 891 1456 ‚-

13 1479 14 1482 ¹
160 1488 339 1573 AEquoreis
354 1487 419 1558 illic
433 1489 613 1556 associatur
627 1488 752 1574 aquie.”

13 1723 14 1728 ἵ
76 1638 144 1704 Sed
158 1638 258 1703 hodie
275 1637 446 1704 fluviorum
463 1639 496 1704 in
517 1633 679 1705 Hibernia
700 1661 760 1704 rex
785 1650 836 1704 eat
850 1637 965 1704 Siccus
979 1637 1020 1705 de

13 1779 14 1784 κ
77 1765 144 1829 quo
159 1763 249 1830 seqq.
265 1761 388 1810 versus.

80 1891 322 1960 “Fluminibus
339 1895 465 1981 magnis
480 1892 609 1960 letatur
623 1892 805 1975 Hibernium
822 1895 936 1962 Simus
974 1933 979 1944 -

121 2000 215 2066 Inter
231 2001 405 2068 Consciam
419 2000 683 2093 Momoniamque
698 2002 814 2069 fluens.

78 2108 214 2187 Transit
229 2131 289 2195 per
300 2131 411 2175 muros
424 2109 587 2187 Limerici,
603 2109 841 2196 Knock-patric
854 2108 943 2175 illum

124 2214 251 2280 Oceani
264 2213 409 2282 clausum
424 2217 486 2282 sub
502 2215 625 2281 ditione
640 2217 763 2283 tenet.”

79 2364 213 2432 Fluvius
236 2365 291 2432 hic
315 2367 414 2432 totius
441 2365 611 2432 Hiberniae
631 2365 860 2444 nobilissimus,
884 2349 1022 2432 ab'ortu

78 2471 147 2536 fere
162 2473 265 2557 ipsius
280 2473 313 2537 in
325 2471 489 2538 comitatu
503 2472 708 2551 Letrimensi‚
724 2473 846 2538 ditione
868 2473 1023 2559 principis

80 2578 273 2658 O'Rourke,
296 2581 419 2667 ubique
437 2579 506 2648 fere
525 2578 727 2666 navigabilis,
751 2578 889 2643 mediam
904 2574 1026 2645 Hiber·

79 2687 166 2752 niam
178 2697 306 2766 secans,
331 2688 430 2768 modo
447 2689 480 2754 in
494 2688 584 2753 lacus
600 2709 635 2752 se
654 2685 780 2768 dilatat,
800 2685 898 2752 modo
917 2687 950 2751 in
969 2709 1027 2752 en·-

81 2796 256 2880 gumiesse
272 2794 444 2872 cuntruhit,
464 2795 568 2861 donec
583 2804 657 2880 post
673 2792 881 2872 Limericum,
904 2815 1026 2861 oceano

82 2924 116 2966 se
135 2901 305 2968 immiscet.
351 2899 408 2968 Ad
427 2899 610 2966 Athloaium
633 2896 853 2968 O’letttorum
875 2900 1026 2967 Baroniae

81 3008 270 3093 primarium
281 3008 448 3095 oppidum,
460 3019 494 3073 et
504 3006 579 3073 olim
588 3007 748 3094 Principis
761 3008 891 3075 familiae
903 3009 1025 3085 sedem,

82 3115 253 3202 magnifico
267 3128 367 3203 ponte
379 3138 397 3180 e
408 3116 480 3182 vivo
493 3137 575 3180 saxo
587 3115 741 3182 sternitur
752 3117 796 3181 ad
807 3137 904 3202 quem
919 3114 1025 3180 locum

84 3225 126 3288 ob
140 3224 212 3308 ejus
227 3224 322 3289 situm
336 3224 370 3288 in
392 3223 485 3309 regni
504 3231 628 3300 centro,
651 3224 821 3309 variasque
845 3223 916 3308 ejus
941 3244 1026 3288 com-

84 3328 267 3407 moditates,
282 3328 448 3416 Pro-regis
464 3328 634 3395 Hiberniae
658 3329 769 3394 sedem
783 3328 959 3394 transferre
973 3353 1029 3395 vo·

85 3434 143 3500 luit
167 3435 297 3523 Regina
320 3436 515 3514 Eiizbetha;
545 3433 657 3522 plures
677 3435 758 3501 alios
781 3437 912 3502 minoris
927 3449 1026 3517 notae,

87 3541 142 3608 sed
156 3565 282 3630 magnae
302 3543 450 3611 utilitatis
470 3543 597 3623 fluvios,
620 3542 787 3608 brevitatis
809 3565 918 3622 cause,
944 3567 1027 3630 prae-

87 3650 238 3728 termitto,
260 3651 302 3718 de
314 3653 432 3737 quibus
445 3652 517 3718 vide
530 3650 713 3717 Louasnu.
725 3671 796 3737 cap.
810 3651 839 3716 7.
855 3651 1025 3720 Commeat.
1067 3630 1068 3634 Ἰ

13 3853 14 3900 1
88 3755 224 3822 ffibem.
