2438 4308
175 349 218 414 26
553 362 732 412 nmsnms.

217 520 317 588 Forte
328 519 493 586 hominum
507 539 624 597 mores,
632 515 799 603 urbesque
809 523 843 584 et
857 525 951 602 gesta
964 519 1116 603 requiris.

175 629 349 714 Quamque
360 625 461 694 fidem
471 627 623 692 teneant?
635 647 709 711 quae
724 625 766 692 sit
780 625 895 690 divisio
905 626 1034 712 gentis?
1048 631 1118 696 310

175 734 300 821 Accipe
312 761 320 814 3
337 756 441 820 pauca
454 729 571 820 loquar
583 755 645 819 pro
655 755 703 798 re.
728 731 819 800 Gens
833 732 976 819 hospita,
990 733 1117 802 fraudis

175 845 311 923 Nescia,
323 866 466 911 sensuras
480 841 608 922 mentis,
623 853 790 922 constans,
805 853 839 909 et
853 841 999 910 honestis

177 950 313 1035 Semper
327 947 476 1027 honesta,
491 948 585 1014 bonis
600 949 696 1028 bona,
712 949 813 1048 gratis
827 959 931 1034 grata,
945 953 1096 1036 superbis

177 1057 303 1135 Invida,
319 1054 470 1122 vindictae
485 1056 629 1142 cupiens,
644 1053 763 1140 injuria
777 1053 843 1120 lata

176 1161 257 1228 Non
270 1161 417 1238 moritur,
429 1169 559 1247 patrum
573 1159 720 1244 sequitur
733 1159 875 1225 vindicta
889 1171 1035 1247 nepotes.
1052 1122 1120 1229 315

178 1269 372 1339 Contemni
363 1269 533 1354 rmpatiens
547 1290 627 1354 gens
642 1278 693 1332 est
694 1277 898 1353 a,r·'canaque
912 1281 1031 1348 servat,

180 1381 265 1455 Quae
281 1375 450 1454 servanda,
465 1386 556 1442 tenet
569 1375 738 1461 promissa,
753 1375 928 1463 fidemque,
944 1375 1086 1463 colitque

179 1485 315 1569 Semper
329 1482 495 1560 amicitias,
511 1479 615 1548 donec
630 1504 707 1569 pars
722 1481 824 1550 altera
837 1483 937 1551 fallat.

179 1590 305 1656 Laudis
319 1613 430 1656 amans
441 1590 552 1675 justae,
567 1588 770 1676 pulchroque
784 1592 918 1658 inservit
931 1592 1059 1660 honori.

180 1698 287 1763 Sexus
302 1699 379 1763 etin
394 1695 679 1785 pretiopmuliebris
696 1695 847 1764 habetur.
891 1697 930 1764 In
945 1722 1001 1766 ore
1053 1704 1124 1770 320

181 1803 444 1887 BlandaVenus,
455 1803 620 1889 faciesque
635 1804 756 1870 decens
768 1828 776 1884 ;
791 1805 976 1872 verecunda
990 1809 1121 1894 pudore

179 1913 326 2000 Virginis
341 1935 398 1977 ora
412 1922 548 1989 tument,
563 1921 597 1976 et
611 1933 752 1976 amorem
762 1910 885 1978 lumina
900 1901 1033 1999 spirant.

182 2023 309 2087 Caetera
324 2017 431 2084 Pallas
441 2018 553 2084 habet.
597 2016 712 2084 Turba
726 2017 884 2086 invidiosa
897 2039 1058 2100 novereae,

182 2127 308 2192 Lurida
323 2122 483 2190 terribiles
498 2123 634 2190 miscent
647 2122 778 2190 aconita
791 2125 945 2221 privignis
956 2151 971 2204 ;·

183 2235 219 2302 Si
233 2233 416 2317 manethos
427 2253 537 2298 rerum
551 2230 724 2317 possessio,
739 2229 864 2297 fundus
873 2243 907 2298 et
921 2256 998 2298 arva
1056 2235 1123 2300 325

183 2340 303 2407 Patria.
348 2335 401 2402 De
416 2335 543 2421 reliquo
557 2333 646 2400 faelix
658 2333 713 2400 hic
728 2337 866 2422 conjuge
881 2339 1001 2423 conjux
1016 2366 1024 2417 ;

181 2446 270 2512 Nam
284 2455 503 2510 matronarum
517 2440 695 2507 castissima
709 2442 817 2522 turba,
832 2445 956 2510 maritis
1014 2491 1015 2496 η
1077 2431 1090 2496 st

183 2554 332 2639 Semper,
344 2563 381 2617 ut
393 2561 533 2637 oportet,
550 2550 707 2636 subjecta,
722 2549 840 2616 fidelis.
885 2551 931 2618 At
946 2554 1035 2638 ipsos

184 2663 281 2746 Saepe
294 2658 531 2744 viros-alienus
546 2680 635 2723 amor
649 2658 840 2742 mordetque
855 2668 1019 2743 tenetque.
1061 2679 1062 2682 ’

185 2764 269 2828 Sunt
284 2761 405 2826 dociles
416 2761 565 2846 juvenes,
578 2761 769 2832 verecundae
783 2761 967 2845 hilaresque
982 2760 1119 2847 puellas:

185 2871 232 2948 Si,
248 2870 432 2934 dominante
449 2867 548 2934 semel
561 2868 650 2946 vitio,
665 2890 748 2954 quos
763 2871 899 2957 contigit
911 2871 976 2938 illic
1009 2891 1011 2898 ’
1059 2871 1121 2940 331

185 2976 270 3044 Esse
283 2974 395 3053 malos,
411 2985 556 3042 extrema
570 2983 693 3052 tenent,
705 2997 765 3042 nec
780 2978 915 3044 numina
929 2962 1025 3054 Coeli,

184 3085 259 3150 Nee
274 3081 420 3150 barathri
433 3091 582 3148 metuunt
595 3092 706 3168 pestes
720 3109 729 3162 ς
752 3084 821 3148 sine
834 3082 908 3168 lege
923 3082 1073 3150 feruntur
1159 3091 1161 3094 ’

186 3191 301 3256 Passio
316 3189 381 3274 quo
396 3185 498 3273 pellit,
514 3188 679 3274 spretique
693 3187 822 3254 lieentia
832 3187 916 3276 juris

186 3298 358 3362 Permittit.
404 3296 538 3374 Contra,
554 3296 582 3360 si
595 3297 669 3362 vitae
683 3295 916 3382 poenitetillos,
1061 3297 1128 3362 335

185 3405 333 3470 Rursum
346 3415 492 3470 extrema
506 3413 628 3482 tenent,
643 3405 717 3470 vitae
732 3403 874 3470 melioris
889 3422 999 3470 amore
1015 3431 1024 3482 ς

188 3513 278 3578 Pene
295 3512 345 3577 sui
359 3509 451 3578 obliti
465 3509 612 3579 caelestes
626 3522 759 3598 pectore
773 3510 917 3576 flammas

187 3619 394 3704 Conelpiunt,
410 3618 585 3705 vivuntque
600 3618 666 3706 pie,
681 3619 831 3702 vitiisque
845 3619 1009 3686 resistunt.

245 3725 307 3791 Est
322 3735 355 3792 et
365 3743 474 3790 amans
487 3725 619 3794 musieae
632 3723 788 3810 popolus:
805 3723 894 3812 Lyra
904 3725 994 3816 regia
1005 3723 1127 3792 nostre
