2440 4292
205 338 268 402 114
581 355 758 403 umanum.

201 507 298 576 9499.
322 509 375 575 Ab
398 532 482 574 anuo
503 509 636 576 Jubilaei
660 506 754 594 primi
782 503 977 580 sabbatium
1006 523 1074 586 quo
1100 499 1147 564 ab

353 617 447 681 armis
462 616 726 700 conquieverunt,
744 623 926 695 terramque
939 627 1000 694 per
1013 605 1146 671 Tribus

353 721 600 797 distribuerunt,
615 720 690 785 435.

204 826 299 893 9891.
323 825 455 893 Periodi
467 825 589 892 Hebdo
596 825 725 889 madum
735 819 910 887 Annalium
923 840 965 884 ex
976 821 1148 904 heptaete·

353 933 423 998 ride
438 931 595 1021 confectae
610 954 693 997 auno
708 932 812 1017 primo
827 942 861 994 et
865 925 995 1015 periodi
1003 922 1149 991 dubilae·

354 1061 444 1105 orum
459 1039 713 1127 heptoeteridom
726 1051 862 1123 septem,
877 1036 930 1100 43.

204 1150 300 1216 9889.
324 1148 378 1214 Ab
392 1149 483 1215 initio
498 1150 590 1235 regni
605 1146 753 1224 Davidia,
767 1147 820 1212 45.

204 1253 300 1318 9999.
323 1251 432 1338 Regni
448 1251 641 1331 Salomonis,
657 1257 688 1320 5.

205 1359 301 1423 9033.
324 1356 357 1422 A
371 1355 496 1444 Templi
505 1359 602 1445 jactis
617 1353 860 1434 Fundamentia,
878 1364 906 1422 l.

209 1465 300 1528 1717.
323 1462 407 1528 Item
420 1464 454 1527 in
466 1461 582 1528 litteris
597 1461 741 1549 profanis
756 1462 875 1526 exteris
897 1482 980 1524 anno
995 1458 1147 1544 Ephooae

358 1573 576 1637 Chaldaeorum
591 1570 833 1656 antiquissimae,
852 1570 945 1662 1217.

208 1680 300 1745 1777.
322 1677 355 1744 A
369 1678 450 1744 Nini
464 1678 661 1744 Idoblatn‘oe
673 1677 814 1742 auctoris
829 1676 931 1752 initio,
950 1673 1044 1740 1157.

205 1783 301 1849 9093.
327 1783 380 1848 Ab
394 1783 510 1849 Inachi
524 1784 720 1870 Argivorum
729 1783 832 1870 Regis
843 1784 938 1868 ¹initio
951 1783 986 1847 in
1001 1779 1147 1857 GraeciA,

205 1993 301 2057 9154.
325 1993 382 2057 Ab
397 1993 528 2079 Ogygia
538 1994 572 2058 iu
586 1993 716 2060 Boeotia
731 1995 916 2082 Regnantis
931 1995 1034 2072 initio,
1050 1995 1140 2060 780.-

205 2099 300 2164 9189.
323 2099 379 2165 Ab
398 2100 519 2184 Opyqia
531 2097 674 2181 Diluvio,
694 2125 759 2187 quo
774 2104 881 2189 periit,
898 2103 971 2167 745.

205 2205 299 2268 9437.
320 2205 353 2270 Α
367 2204 500 2272 Diluvio
514 2207 751 2276 Deuehalionis
762 2211 795 2273 in
811 2209 948 2288 Achaia,
960 2209 1034 2274 497.
1139 2241 1142 2248 ·

205 2309 301 2377 9696.
325 2309 358 2375 Α
370 2314 450 2377 Jam'
464 2314 498 2377 in
514 2311 610 2382 Latio
625 2313 823 2399 primordiis,
839 2313 913 2378 308.

205 2419 301 2484 9688.
323 2416 379 2482 Ab
402 2417 689 2504 Argo-Nautarum
714 2418 923 2504 expeditione
944 2418 979 2482 in
996 2415 1148 2496 Colchos,

355 2525 429 2589 946.

206 2630 301 2694 9699.
323 2629 357 2694 Α
372 2629 505 2694 Theseo
520 2628 724 2695 Athenarum
740 2629 834 2716 Rege
848 2641 936 2711 nato,
951 2629 1027 2694 949.

206 2736 301 2800 9713.
322 2733 379 2802 Ab
391 2735 535 2806 Hercule
547 2737 580 2801 iu
593 2735 765 2823 Hispania,
778 2737 897 2815 Gallia,
907 2749 940 2803 et
952 2735 1058 2816 Italia,
1070 2739 1149 2802 991.

207 2841 302 2905 9714.
325 2840 380 2906 Ab
394 2841 547 2908 Herculia
573 2856 606 2908 et
627 2843 745 2911 Thesei
768 2841 1150 2910 010100011οΑ0οω01-

357 2945 430 3022 bus,
445 2947 521 3012 990.

335 3054 387 3138 (ln
402 3053 468 3138 qud
483 3053 643 3121 Hercules
660 3055 852 3152 Hypoliiam
872 3078 983 3121 earum
997 3057 1150 3142 reginam

378 3159 518 3226 Baltheo
530 3162 676 3241 nudavit,
688 3163 745 3246 qui
753 3163 838 3227 inter
845 3161 973 3227 labores
986 3159 1148 3227 Herculis

379 3279 472 3334 sexto
486 3267 559 3334 loco
574 3267 714 3333 refertur
723 3269 820 3355 juxta
834 3267 976 3347 versum)

240 3423 261 3453 “
274 3416 460 3483 Threiciam
476 3427 569 3482 sexto
584 3414 732 3501 spoliavit
744 3419 908 3484 Amazona
923 3414 1096 3482 Baltheo.”

208 3545 303 3610 9715.
327 3543 381 3611 Ab
396 3543 550 3612 Herculis
560 3546 767 3630 expeditione
782 3548 815 3612 in
831 3547 1007 3632 Phrygiam
1021 3533 1057 3610 et
1075 3546 1153 3646 Pri-¹

358 3654 421 3716 ami
435 3653 536 3731 initio,
556 3653 630 3718 919.

209 3758 304 3824 9767.
327 3757 356 3822 A
371 3756 483 3843 Trojae
498 3759 657 3838 incendio,
678 3759 747 3825 167.
