2440 4292
170 327 213 390 98
549 343 725 394 niernum.

237 494 469 562 Partholanum
491 493 658 564 Ultoniam
683 495 882 562 inhabitbsee
911 495 1014 561 fertur
1038 504 1116 559 ente

171 604 264 686 cujus
290 602 464 667 adventum
489 612 556 668 tres
582 614 708 670 tantum
729 602 817 668 lacus
843 615 877 668 et
895 603 1009 669 decem
1023 599 1115 666 fluvii

172 708 365 773 Hiberniam
378 707 529 794 irrigasse
542 719 841 787 commemorantur,
853 707 895 773 de
909 709 1028 794 quibus
1044 728 1116 773 car-

171 815 257 878 mina
272 813 421 898 auperiirs
436 812 533 880 allata
545 838 622 904 pag.
639 817 691 882 52.
736 816 836 881 Anno
855 825 963 882 autem
979 812 1112 891 Mundi,

175 921 268 1001 1970,
283 933 317 987 et
332 921 458 988 decimo
471 925 514 989 ab
528 925 599 1010 ejus
614 924 767 1003 adventu,
789 925 928 1010 primum
943 923 977 986 in
991 921 1116 987 Hiber·

172 1029 227 1096 nit
251 1029 400 1117 proelium
424 1033 627 1098 commissum
651 1044 702 1098 est
726 1033 769 1097 ad
788 1043 928 1098 montem
942 1030 1056 1095 Naibk
1079 1030 1115 1092 in

173 1138 331 1225 Lagenia,
346 1140 456 1226 quoin
472 1142 583 1226 praelio
596 1139 813 1207 Parthoianus
830 1141 985 1206 adversus
997 1139 1116 1204 Fomo-

172 1245 237 1309 rios
253 1247 365 1322 victor,
379 1260 514 1332 accepto
529 1247 673 1329 vulnere,
696 1269 761 1312 non
776 1247 833 1312 diu
847 1259 925 1338 poet
939 1245 1116 1331 expiravit,

174 1362 211 1415 ut
230 1362 264 1416 et
282 1349 435 1438 Siangius
452 1355 524 1438 ejus
541 1354 628 1420 filius
644 1354 689 1419 ad
703 1364 844 1419 montem
864 1354 914 1417 aui
928 1354 1065 1418 nominis
1082 1350 1117 1414 in

173 1454 286 1521 Ulidib
309 1455 452 1523 Ultoniae
473 1456 629 1544 saepultu.
686 1457 839 1524 Secundo
861 1454 1001 1521 abhinc
1030 1477 1118 1520 anno
1210 1529 1211 1534 γ

173 1585 216 1627 ex
234 1561 353 1629 effosso
369 1563 497 1651 Lagnei
513 1565 713 1651 tertiogeniti
728 1563 917 1629 Partholani
940 1559 1116 1647 sepulchro
1210 1589 1211 1600 ¹

172 1669 274 1748 laeua,
300 1672 447 1758 ejusdem
461 1682 576 1757 postea
590 1670 737 1752 nominis,
760 1670 929 1735 emanavit.
975 1667 1116 1733 Decimo

174 1777 262 1854 verb,
279 1801 299 1841 a
312 1788 415 1844 morte
426 1776 549 1864 Slangii
564 1799 649 1842 anno
660 1775 838 1842 Rudricius
850 1772 1039 1842 Partholani
1050 1774 1119 1857 pri-

175 1883 370 1967 mogenitus,
400 1883 474 1948 lacu
503 1885 537 1946 in
565 1905 639 1948 eum
668 1893 914 1969 prorumpente,
946 1879 1117 1957 obruitur3

175 1986 263 2052 unde
285 1986 374 2052 lacus
400 1989 441 2052 ab
467 1987 522 2053 iilo
543 1988 701 2054 hactenus
732 1990 966 2056 denominatur.
1010 1985 1118 2050 Porro

175 2093 358 2156 nniversam
374 2094 563 2160 Partholani
578 2095 755 2176 Coloniam,
782 2097 823 2163 ad
838 2097 924 2163 9000
951 2095 1119 2161 hominum

175 2197 390 2264 hebdomadis
413 2203 530 2286 spatio,
553 2214 645 2288 peste
667 2205 845 2269 extinctam
870 2203 1004 2269 tradunt
1023 2201 1120 2268 Anti-

176 2305 291 2390 quarii.
315 2306 383 2372 Sed
397 2305 539 2374 Flahert.
556 2310 649 2394 cujus
663 2312 851 2391 auctoritas,
865 2321 898 2375 et
912 2311 994 2374 ratio
1008 2311 1120 2396 magni

176 2410 266 2495 apud
280 2434 331 2476 me
355 2415 404 2478 est
418 2414 584 2498 ponderis,
612 2415 697 2481 hanc
721 2415 877 2482 coloniam
895 2416 986 2480 30m0.
1003 2417 1044 2481 ab
1060 2418 1122 2482 ad·

175 2529 274 2583 ventu
283 2541 368 2584 anno
380 2521 557 2588 extinctam
572 2522 650 2603 vult,
665 2519 782 2610 nempe
795 2547 878 2590 anno
886 2523 1006 2590 Mundi
1022 2525 1120 2589 1999.

177 2622 260 2687 adeo
280 2634 328 2701 ut,
351 2625 455 2692 Juxta
480 2627 581 2708 illum,
609 2648 762 2696 numerus
779 2629 844 2696 300
858 2652 919 2717 pro
938 2631 989 2696 30.
1016 2631 1122 2716 irrep-

178 2731 267 2808 serit,
289 2732 378 2814 quod
401 2731 495 2797 facile
521 2734 725 2814 crediderim,
752 2758 837 2815 cum,
861 2735 965 2802 utille
980 2736 1120 2823 pulchre
1200 2785 1203 2794 .

179 2836 328 2913 advertit,
365 2838 412 2901 ab·
432 2861 516 2904 anno
541 2841 698 2907 adventds
722 2833 810 2910 3010'0.
845 2867 887 2910 ne
916 2844 968 2910 vel
997 2846 1122 2910 mentio

178 2941 277 3026 hujus
291 2940 424 3006 coloniae
439 2944 621 3014 inhistoriia
636 2962 795 3017 occurrat.
818 2949 895 3017 Nisi
909 2950 997 3036 quod
1011 2949 1123 3037 Virgil

180 3048 220 3112 de
237 3046 440 3134 regnoDitis
456 3053 578 3132 scribit,

196 3173 200 3180 ⁵
265 3199 361 3265 Ibant
376 3201 506 3268 obscuri
521 3203 589 3268 sola
604 3206 664 3270 sub
679 3217 775 3272 nocte
789 3229 849 3293 per
864 3206 1005 3283 umbras,

268 3305 397 3402 Perque
413 3309 538 3380 Domos
551 3309 639 3378 Ditis
654 3336 784 3394 vacuas,
795 3326 829 3382 et
843 3315 949 3381 inania
963 3335 1075 3399 regna.
