2412 4292
154 295 217 368 164
526 309 705 360 arsurum.

150 463 496 534 loniaeRexFomorius
506 464 607 530 trusae
616 464 837 550 perhibeatur.
851 463 970 545 Porro,
980 461 1096 534 scoto
1167 411 1172 560 l

151 573 374 644 Hibernorum
388 594 495 660 reges,
510 594 554 638 ex
572 573 677 638 tribus
700 570 868 651 fratribus,
883 583 920 639 at
935 581 1012 638 ante
1028 593 1098 640 mo·

151 683 209 748 nui
233 681 377 760 Habeto,
402 678 590 758 Herium,
604 679 704 758 Hira,
719 691 753 746 at
773 702 886 746 eorum
907 677 1097 766 Propatruo

154 787 240 866 Itho,
255 785 470 854 descendunt.
515 785 571 850 Ex
585 784 675 851 Hiro
698 789 753 864 25,
767 808 811 851 ex
824 785 957 852 Hebero
979 788 1037 866 31,
1052 796 1100 852 at-
1176 803 1179 908 t

153 891 364 980 queexItho
379 887 598 980 trestantiun.
634 886 1103 976 Reliquiomnesnempellil
1179 912 1180 950 i

152 1020 197 1064 ex
212 995 400 1064 Heremone
422 995 636 1064 descendunt.
682 995 812 1062 Horum
834 998 978 1062 omnium
1001 1007 1039 1062 ut
1064 1008 1099 1063 et

153 1104 348 1172 Portlsolaoi
381 1113 415 1169 et
445 1103 559 1167 Nuadi
591 1102 832 1187 argenti-moui,
859 1100 1102 1188 Genealogicas

154 1213 254 1279 series
268 1233 354 1277 nunc
370 1210 580 1277 abducemus.
603 1209 650 1276 Et
663 1209 795 1296 quidem
810 1232 948 1295 sequens
961 1207 1100 1276 schema

154 1343 214 1387 seu
234 1317 609 1405 Taunus-Genealogieae
623 1318 952 1384 ScotoHibmorum
971 1337 1099 1404 regum,

154 1428 324 1515 speculum
338 1449 409 1494 esse
423 1421 555 1513 poterit,
578 1448 638 1514 per
652 1427 740 1511 quod
757 1449 865 1492 omnes
880 1425 1023 1492 illustres
1036 1425 1100 1490 Hi·
1190 1460 1191 1492 i

156 1535 279 1602 berniae
295 1532 422 1600 familiae
446 1532 603 1620 (intellige
618 1533 714 1600 Scato
729 1527 902 1599 Hiberniae*
917 1533 1100 1620 sanguinis)
1192 1558 1193 1590 i

127 1674 129 1682 ι
156 1640 375 1728 Genealogiss
399 1659 485 1719 suas,
511 1659 576 1706 non
591 1638 696 1706 solirm
721 1641 764 1706 ad
793 1663 870 1706 suos
896 1639 1015 1720 fontes,
1039 1664 1100 1708 seu
1194 1660 1196 1726 ζ

153 1747 271 1834 stirpes
290 1749 359 1833 jam
373 1735 563 1825 nominatas,
586 1745 697 1813 verirm
717 1749 815 1814 etiam
829 1748 919 1816 rectis
935 1749 1041 1816 Lineei
1054 1751 1098 1817 ad

154 1853 322 1932 Noemum,
343 1852 396 1920 vel
418 1855 525 1940 ipsum
545 1855 643 1919 etiam
656 1856 825 1934 Adamana,
842 1857 869 1922 si
882 1855 1027 1936 libuerit,
1041 1858 1098 1924 de·

154 1960 274 2028 ducere
289 1960 426 2026 valeant.
470 1961 591 2048 Neque
605 1961 669 2029 hoo
685 1964 883 2030 admirentur
898 1964 1027 2046 Exteri,
1041 1978 1098 2032 aut

153 2069 343 2136 incredibile
358 2071 566 2148 existiment;
590 2080 659 2136 tum
672 2073 749 2157 quia
757 2073 918 2138 [molaria
930 2071 1098 2139 Nobilitas

155 2193 222 2247 tam
248 2176 341 2244 facile
363 2197 431 2244 non
454 2175 675 2255 confunditur,
692 2179 735 2242 ob
750 2180 855 2244 varias
876 2179 1097 2265 migrationes,

157 2298 213 2354 aut
227 2285 411 2373 linguarum
425 2283 642 2366 confusiones,
658 2286 756 2371 quam
770 2285 908 2365 familiae,
924 2309 999 2374 quae
1018 2287 1100 2352 Con·

156 2395 302 2462 liuentem
316 2394 518 2459 inhabitant:
541 2404 610 2458 tum
629 2371 769 2458 maxim&
784 2394 860 2478 quia
875 2392 1015 2458 Hiberni
1029 2411 1099 2478 prae

156 2504 305 2570 omnibus
331 2503 419 2568 orbis
445 2503 640 2580 nationibus,
657 2502 863 2588 Genealogiis
886 2523 924 2567 ao
946 2501 1103 2568 Historiis

156 2611 224 2674 suis
248 2608 464 2687 studuerunt3
486 2630 593 2694 neque
622 2609 711 2674 enim
734 2608 814 2674 dum
836 2631 889 2674 res
912 2607 1102 2676 Hibernicae

157 2727 327 2795 steterunt,
343 2715 409 2781 ulla
424 2717 485 2781 fuit
498 2715 685 2803 principalis
700 2715 829 2796 familia,
845 2737 919 2801 quae
942 2737 1018 2782 suos
1034 2739 1100 2783 non

156 2824 272 2890 habuit
286 2825 508 2909 Antiquarios,
535 2825 680 2903 Judicea,
704 2821 860 2904 Medicus,
876 2823 1021 2911 aliosque
1050 2825 1101 2890 di-

155 2953 321 2997 versorum
342 2931 572 3014 obsequiorum
586 2933 831 3020 Beneficiorum,
854 2944 911 2998 aut
931 2933 1097 3012 Clientes;

155 3048 190 3103 et
212 3038 344 3124 quidem
362 3035 475 3102 officiis
498 3038 568 3102 istis
584 3059 685 3124 penes
702 3052 807 3105 certas
822 3039 969 3118 familias,
984 3040 1101 3107 Haere-

155 3143 273 3210 ditario
286 3141 308 3210 J
310 3165 380 3221 ure,
396 3145 677 3229 permanentibus:
701 3147 746 3211 sio
763 3145 902 3226 O’Nelli,
915 3144 1097 3228 Wbrdaers:

155 3248 321 3329 O'Brieni,
344 3250 547 3326 Bruodiaoa,·
570 3249 798 3320 O’Kelliorum
820 3248 958 3337 familiis,
985 3257 1097 3325 O'Du·

154 3376 303 3440 organon,
319 3358 378 3422 &a
423 3355 523 3424 Nunc
537 3381 613 3424 vero
627 3361 668 3426 sit

218 3459 369 3539 Senam,
385 3485 443 3528 seu
452 3463 591 3528 Tabulae
607 3463 836 3556 Genealogicae
851 3493 965 3556 regum
979 3483 1013 3538 et
1029 3473 1093 3541 sub

152 3587 277 3654 regum,
299 3569 334 3634 id
357 3580 417 3651 est,
438 3595 554 3658 regum
578 3573 826 3644 Provincialium
849 3577 959 3666 Regni
973 3578 1097 3648 Hiber·

152 3675 225 3753 nioe‚
240 3686 274 3742 et
288 3689 535 3762 consequenter,
558 3679 735 3767 Speculum
757 3683 1014 3774 Genealogicum
1029 3711 1098 3758 om·

45 4150 166 4262 Ξ
