2438 4308
178 311 218 373 12
416 327 592 374 enarrem
613 329 660 376 ao
682 329 873 376 sauronam.

174 481 366 546 Sanctorum
381 483 531 548 examina
545 481 762 549 effuderunt.”
804 483 895 549 Inter
906 503 988 569 quos
1000 481 1126 568 stipe
1203 459 1204 472 ἵ

173 587 209 652 S.
228 585 395 656 Colmaoue
408 589 613 656 nobilissimae
628 588 811 656 Austriacae
825 590 933 676 gentis
946 599 1125 676 patronus,
1203 577 1204 584 ἵ

175 691 275 757 etalii
295 693 453 760 innumeri
472 693 604 761 aliarum
624 697 767 783 gentium
786 698 927 783 patroni,
950 697 1127 764 Thauma-

175 801 274 886 turgi,
289 799 340 866 vel
355 800 517 887 Apostoli,
532 805 574 869 de
588 804 706 888 quibus
721 802 853 868 consule
868 812 1036 869 auctorum
1050 814 1127 868 tes-

150 972 157 987 ,
174 908 305 972 timonio
319 909 403 974 infra
417 933 450 996 p.
466 912 520 990 37,
535 923 569 976 et
583 935 616 998 p.
630 913 682 988 80,
697 911 755 974 ubi
770 911 865 975 etiam
880 909 1022 976 invenies
1033 909 1126 994 quid

173 1016 207 1077 in
221 1037 256 1080 re
271 1013 388 1080 bellica
404 1027 438 1080 et
460 1015 602 1081 literariai
623 1012 698 1078 olim
719 1013 930 1098 praestiterint
953 1011 1121 1078 Hiberni:

173 1133 207 1186 et
222 1123 387 1209 signanter
402 1124 536 1208 quidem
545 1121 720 1187 'Claudium
741 1119 941 1186 Clementem
963 1130 996 1186 et
1015 1119 1124 1184 Joan-

173 1249 249 1294 uem
263 1223 450 1316 Erigonam,
466 1229 577 1294 ambos
592 1226 757 1292 Hibernos
774 1227 834 1290 sub
847 1223 965 1290 Carolo
977 1223 1119 1310 Magno,

170 1334 261 1402 illum
290 1337 492 1417 Parisiensis,
520 1336 607 1402 hunc
630 1335 708 1400 vero
733 1333 903 1419 Papiensis
924 1331 1119 1400 Academiae

171 1441 387 1508 fundatorem.
433 1443 555 1508 Contra
570 1452 677 1508 autem
692 1463 730 1506 ac
745 1439 857 1526 regula
868 1440 952 1525 juris
968 1439 1119 1526 (afflictio

120 1613 121 1616 ,
172 1550 303 1635 afflictis
316 1572 378 1614 oon
391 1559 439 1615 eat
457 1549 614 1629 addendo)
637 1547 749 1625 dictat,
765 1548 859 1631 quasi
882 1569 945 1610 non
966 1545 1120 1610 sufficere

172 1664 301 1739 gentem
330 1657 428 1720 armis
457 1655 694 1724 exterminare:
725 1651 854 1718 calamis
878 1650 986 1716 adhuc
1013 1651 1118 1736 (quod
1203 1681 1204 1684 ¹

170 1762 266 1846 pejus
280 1760 381 1827 multo
396 1763 459 1846 est)
474 1761 525 1826 vel
540 1763 610 1847 ejus
625 1762 824 1840 memoriam,
839 1758 918 1825 datia
929 1757 1040 1844 operti,
1057 1759 1119 1824 de·

171 1865 238 1930 lere
254 1889 319 1932 non
333 1878 486 1932 verentur
507 1867 653 1932 moderni
677 1889 786 1932 rerum
809 1877 990 1931 nostrarum
1013 1865 1119 1950 scrip·

171 1985 272 2049 tores,
294 1995 377 2059 quos
394 1995 460 2038 non
474 1984 540 2038 tam
554 1973 782 2057 antiquitatum
796 1983 979 2037 nostrarum
994 1969 1117 2035 invidiis

172 2101 269 2162 quem
282 2081 378 2144 etiam
393 2080 520 2146 inscitia
536 2083 578 2146 ob
593 2078 774 2145 vernaculae
797 2091 915 2144 nostrae
933 2076 1117 2154 defectum,
1203 2143 1204 2146 ,

172 2184 319 2250 laborare
328 2196 467 2256 constat.
498 2186 546 2251 Ut
555 2209 621 2272 pon
631 2185 789 2251 immerito
800 2187 961 2253 veridicus
971 2176 1120 2252 Flahert.

173 2291 213 2357 de
230 2292 396 2358 Camdeno
411 2293 540 2359 illorum
555 2294 740 2380 Coryphaeo
755 2295 917 2361 cecinerit.

311 2427 329 2452 ⁴¹
343 2421 477 2472 Perlustras
488 2422 582 2488 Anglos
593 2423 670 2472 oculis
682 2423 805 2474 camdeno
816 2423 918 2480 duobus,

345 2513 402 2562 Uno
414 2512 484 2562 oculo
496 2513 589 2573 Scotos,
600 2528 679 2562 caecus
690 2511 890 2579 Hiberuigenas.’'

237 2623 304 2687 Sed
319 2645 427 2708 neque
441 2622 513 2688 haec
533 2626 639 2688 omnia
659 2624 701 2689 ad
726 2624 934 2690 scribendum
955 2645 1005 2688 me
1026 2646 1118 2690 com-

173 2726 344 2815 pellerent,
360 2730 422 2793 nisi
435 2739 468 2794 et
481 2741 611 2818 exteros
627 2728 801 2815 plerosque
818 2731 1003 2816 scriptores,
1019 2732 1119 2796 etiam

175 2834 371 2916 Catholioos,
384 2835 570 2919 nescioquo
585 2857 672 2899 caeoo
686 2837 820 2920 impetu,
835 2837 869 2900 in
878 2838 984 2922 gentis
995 2849 1118 2904 nostrae

174 2942 404 3027 descriptione,
428 2941 544 3007 horum
562 2941 687 3008 tantiam
701 2943 811 3020 verba,
827 2941 916 3008 velut
930 2942 1119 3010 authentica
1182 2977 1204 2988 „

175 3047 335 3130 quaedam,
358 3059 506 3131 repetere
525 3047 747 3134 comperirem,
774 3069 811 3113 ao
830 3048 935 3125 nobis,
959 3047 1119 3134 legitimo-

175 3175 246 3216 rum
261 3176 294 3239 p.
309 3164 334 3218 t.
348 3175 462 3240 regum
476 3167 670 3232 nostrorum,
691 3155 847 3240 quamdiu
859 3157 1044 3241 juramento
1058 3157 1118 3222 ob·

177 3262 373 3345 stringimur,
388 3283 528 3340 causam,
552 3260 604 3326 vel
618 3260 730 3327 ultimo
745 3273 857 3326 nostro
872 3261 983 3338 exitio,
999 3259 1119 3327 tuenti-

177 3369 251 3440 bus,
277 3369 508 3454 perduellionis
530 3372 662 3450 crimen,
690 3370 833 3456 aliasque
858 3369 998 3436 infamiae
1023 3382 1130 3456 notes¹

177 3476 305 3540 inurere
318 3502 326 3555 ς
349 3477 501 3562 regicidis
516 3479 593 3544 veri>
612 3489 711 3563 atque
726 3479 973 3565 usurpatoribus
987 3475 1118 3546 laudem
1203 3529 1204 3532 η

175 3603 215 3648 ac
229 3581 386 3648 honorem
401 3582 538 3650 deferre.
584 3583 746 3650 Nimirum
760 3594 797 3649 ut
812 3593 905 3650 notat
920 3584 943 3649 J
945 3607 998 3650 uv.

314 3693 319 3722 1
331 3735 349 3758 ⁴·
360 3725 510 3778 Detreuiam
519 3727 602 3788 corvis,
610 3735 681 3780 vexat
691 3741 790 3780 censura
803 3725 953 3777 columbas.''
