2438 4308
452 369 643 418 nnnlcnnlo.

68 519 246 589 Maturare
259 521 392 604 abitum,
402 523 472 609 jam
485 534 555 591 tum
569 523 647 590 Dea
661 523 730 591 visa
742 524 875 602 moveri,

68 632 127 697 Ad
141 631 260 698 laudes
271 633 430 712 Heroum,
446 635 562 721 inquit,
574 635 635 700 tibi
649 633 794 700 carmina
809 633 939 710 desunt,

71 735 121 801 Et
134 738 242 803 minna
259 740 324 804 oris
338 739 441 804 habes
457 767 466 819 ς
488 762 562 806 cum
577 739 672 828 plura
686 740 849 807 volumina
862 741 986 807 scribes

71 843 247 910 Scribetur
260 847 392 912 tandem
407 871 415 910 τ
431 849 689 936 nondamfinitas
707 848 846 914 Orestes.

70 944 119 1011 Et
132 951 299 1014 cunctaris
315 950 434 1029 adhuc,
450 953 543 1037 queis
558 973 609 1018 me
625 954 825 1019 committere
840 952 948 1032 Divis,

71 1051 292 1140 Patronisque
306 1054 397 1134 velis,
409 1057 495 1122 inter
508 1068 559 1122 tot
572 1059 713 1136 numina,
728 1056 846 1136 Divos,

72 1153 272 1246 Heroesque
286 1160 371 1226 inter
385 1164 459 1226 toti
481 1161 549 1227 sors
565 1184 638 1228 mea
650 1163 782 1228 numina
795 1166 914 1244 nescis,

72 1263 121 1330 Et
131 1267 290 1334 tutelares
305 1267 434 1336 Divos?
454 1293 535 1357 gens
549 1269 605 1336 ille
619 1281 669 1337 tot
683 1271 776 1336 annis

73 1372 159 1437 Cum
174 1371 406 1462 Sterenbergis
421 1399 493 1443 mea
510 1398 613 1456 sacra,
628 1399 783 1463 meosque
798 1388 932 1464 penates

15 1523 16 1537 κ
72 1482 267 1551 Tutavdre:
289 1483 352 1550 illis
367 1485 507 1550 debetur
520 1486 693 1565 Hibernia,
710 1485 823 1552 saltem

74 1587 177 1653 Parte
193 1589 246 1654 sui
258 1588 401 1668 meliore,
415 1589 517 1656 fidem
531 1590 736 1669 Franciscus,
752 1601 785 1657 et
799 1595 882 1680 ejus,

54 1691 104 1760 Ἐ
119 1693 343 1762 Franciscami
356 1694 505 1781 praeclari
519 1695 620 1782 stirpe
635 1705 784 1781 nepotes,

74 1803 249 1890 Degentes
264 1803 382 1890 Pragae
395 1803 526 1869 faciant.
571 1802 704 1869 Accede
718 1802 890 1878 Patronos‚

75 1909 214 1996 Meque,
230 1930 386 1994 meosque
399 1907 462 1973 illis
477 1907 679 1986 commenda,
693 1905 794 1988 Nate,
808 1915 956 1993 penates,

73 2015 158 2084 Haec
172 2016 233 2082 ubi
248 2041 256 2080 ι
279 2037 330 2080 me
345 2003 453 2081 statim
467 2035 665 2100 somnusque
680 2025 714 2080 et
728 2013 816 2080 Diva
829 2014 970 2099 reliquit.

114 2121 198 2186 Non
213 2121 316 2207 igitur
328 2143 386 2186 vos
401 2130 517 2206 sponte
532 2117 616 2197 mei,
629 2119 688 2186 sed
702 2130 805 2187 matre
820 2132 968 2208 rogante,

76 2231 242 2296 Patronus
257 2229 349 2315 operi
363 2227 450 2294 volui
464 2226 528 2310 (me
543 2225 661 2312 dignor
674 2225 799 2290 honore

78 2335 181 2400 Hand
196 2335 301 2420 tanto)
313 2335 427 2400 vestris
443 2332 540 2398 abeat
552 2331 636 2398 liber
649 2332 712 2398 iste
727 2355 788 2420 per
802 2334 916 2400 orbem

77 2441 258 2528 Auspiciis,
273 2463 331 2507 vos
344 2441 486 2525 hincque
501 2463 577 2506 suos
592 2440 753 2506 Hibernia
765 2439 883 2518 Divos,

76 2552 307 2642 Patronosque
321 2571 397 2615 snos
413 2547 567 2636 appellet,
579 2549 729 2625 honoret,
746 2546 870 2611 adoret.

117 2659 253 2724 Interea
264 2654 391 2722 advolvi
405 2657 545 2742 pedibus
560 2655 737 2743 permittite
751 2676 874 2720 musam

76 2764 221 2830 Hiberni
236 2764 328 2842 vatis,
343 2764 412 2849 qui,
428 2763 539 2832 Matre
552 2775 715 2842 monente,
728 2762 887 2830 Patronus

77 2872 147 2939 Vos
163 2882 271 2958 rogat,
286 2882 321 2952 et
334 2891 405 2936 sese
416 2871 508 2937 vobis
523 2871 709 2956 obstringit,
724 2871 850 2955 eritque

76 2979 218 3066 Semper
230 2976 486 3063 adobsequium,
498 2975 577 3042 dum
589 2977 723 3063 spiritus
735 2977 796 3042 hoe
811 2987 904 3063 reget
918 2990 1020 3044 artus.

206 3149 500 3218 illustrissimarum
513 3160 547 3216 et
561 3145 905 3250 excellentissimarum

432 3257 698 3328 Dominationum

509 3361 742 3432 Devotinimus
756 3358 870 3436 cultor,

605 3486 733 3556 GUIL.
757 3486 979 3564 O’KELLY,

543 3613 700 3681 DcAugrim
719 3615 800 3680 Eques
817 3613 949 3673 Hiberum,
961 3613 1021 3662 Pro-

627 3706 700 3757 fessor
710 3703 881 3760 Academicus.
898 3711 922 3752 et
933 3701 1024 3752 Caesar.

628 3771 770 3861 Regiurdue
787 3794 919 3845 Laureetur
931 3791 1015 3842 Poeta.

794 3881 851 3943 s3
