2440 4292
417 333 420 346 ⁴
445 329 623 408 urrunnu.
954 310 1014 374 len

60 482 161 550 1170.
232 484 324 550 Luce
339 482 562 549 Watersordae
576 483 692 548 maenin
706 482 824 548 Martis
840 481 949 548 hebet.

183 591 243 656 Bis
258 589 344 657 noni
361 589 580 670 hebdomadi,
600 590 719 655 Martis
735 612 866 676 quoque
883 589 1014 669 lumine,

325 697 446 783 praesul
498 743 502 751 ι

228 805 390 890 Martyrio
405 805 541 872 affectus
560 805 790 870 Cantuurensis
805 815 885 869 erat.

61 910 156 975 1171.
182 912 265 978 Inde
280 912 476 978 Novembris
499 922 570 977 erat
596 921 690 976 sexto
712 911 839 976 decimo
862 922 937 976 unte
953 911 1015 977 Ca·

231 1019 582 1192 Angliiliiiisn’ppulsfis
594 1104 671 1170 Rex
679 1126 767 1170 mure
776 1103 878 1169 classe
891 1127 1014 1173 secans.

185 1210 251 1276 Ter
268 1235 355 1278 nono
366 1212 443 1278 hinc
457 1209 710 1278 anuondventfis
725 1221 759 1276 et
773 1210 892 1278 lumine
908 1212 1013 1296 primo

101 1321 157 1385 27.
224 1318 292 1386 Ter
306 1341 394 1385 nono
404 1319 490 1384 lunae
504 1317 582 1386 ch
595 1319 774 1386 Rodcrc'cuc
790 1319 869 1384 obit.

66 1427 157 1494 1178.
181 1426 274 1506 Post,
291 1426 546 1512 quadringentis,
562 1439 597 1492 et
610 1427 753 1511 quinque
767 1425 943 1491 fluentibus
959 1449 1014 1490 an-

322 1534 384 1612 nis,

83 1639 160 1704 405.
230 1639 435 1726 Scotigeuae*
451 1638 625 1725 Sceptrum
642 1661 755 1704 rursus
770 1637 867 1703 Ierun
882 1638 967 1704 colit.

69 1746 160 1812 1603.
186 1745 329 1812 Conario
343 1747 473 1832 genitus
488 1745 644 1825 Jacobus,
660 1746 783 1832 origine
798 1745 979 1824 Hiberuus,

228 1852 371 1938 Imperio
387 1853 494 1918 uniret
508 1852 583 1918 cnm
597 1853 659 1918 tria
673 1875 774 1939 regnu
790 1876 860 1919 suo.

183 1959 291 2033 Quem
306 1970 431 2044 septem
442 1961 578 2046 geminen
590 1961 719 2026 diverso
730 1983 748 2026 e
760 1972 895 2027 stemate
904 1961 1010 2047 gentis

225 2065 421 2151 Agnoscunt
456 2066 633 2132 Dominum
671 2066 836 2153 Sanguine
872 2089 1010 2154 quaeque

320 2195 425 2238 suum.

182 2278 301 2365 Anglia
327 2280 559 2358 Numanum,
604 2281 740 2347 Wollum
777 2303 850 2347 cum
880 2281 1009 2345 Saxone

317 2395 433 2472 gentes

222 2491 328 2556 Tres:
360 2493 488 2558 Pictum
513 2505 546 2558 et
576 2493 717 2570 Scotum,
746 2493 858 2557 scotta
886 2494 1007 2578 datque

322 2600 415 2666 duas.

181 2706 326 2772 Milesios
344 2716 379 2772 et
393 2727 476 2791 quos
490 2707 605 2792 patriae
623 2707 737 2784 decus,
754 2689 875 2792 Anglia‘
888 2705 986 2786 misit,

221 2813 311 2880 Huic
325 2815 448 2901 pariter
461 2825 576 2899 gentes
590 2814 717 2901 praebet
733 2815 829 2880 lerna
843 2815 936 2880 dues.

180 2919 357 2986 Discordes
373 2922 486 2987 animis
502 2944 567 2986 nou
582 2922 629 2987 vis
645 2922 704 2988 sed
720 2923 851 3008 originis
867 2923 964 2988 arctis

221 3031 373 3098 Nexibus
388 3032 552 3118 ingenitus
567 3031 745 3100 conciliavit
760 3056 858 3098 amor.
1043 3107 1045 3114 ¹

181 3137 243 3202 Est
257 3137 386 3205 Wallus
401 3138 532 3218 Wallis,
546 3139 683 3206 Henrici
698 3143 798 3226 stirpe
813 3152 953 3217 creatnS,

221 3245 425 3312 Cudwulndri
439 3239 720 3332 antiqni'nobilite
736 3248 806 3312 suti.

181 3349 332 3418 Saxonici
368 3351 534 3420 Edmundi
570 3354 722 3439 Mergriti
751 3363 784 3417 et
813 3355 931 3438 neptis,
969 3365 1002 3420 et

318 3459 425 3526 haeres

221 3566 416 3633 Saxonicum
430 3568 514 3653 proli
528 3570 676 3634 vinxerat
691 3589 755 3631 una
768 3590 882 3654 genus.

945 3717 1006 3728 nun-

231 3773 246 3802 ⁸
256 3775 421 3841 Interreguum
431 3775 555 3826 Hibernici
564 3775 695 3840 Sanguiuio
704 3775 753 3824 505
764 3775 830 3824 Anu.
854 3788 859 3801 ¹
