2438 4308
569 349 743 398 ulmum}

556 1051 766 1130 ELEGIA

193 1267 253 1314 SEU
278 1266 463 1329 umanum,
495 1268 533 1314 ln
560 1269 643 1314 PAGE
669 1265 885 1329 uusmcnnst,
911 1267 1147 1330 PRAETERITAE,

257 1375 414 1421 nmmum
452 1374 639 1436 susrmwu,
673 1375 719 1421 AD
757 1373 958 1424 cernomcos
987 1374 1148 1424 nullom

259 1482 447 1530 pamerras.

196 1651 362 1731 Prason,
374 1652 425 1718 io!
441 1650 598 1738 lacrymas
613 1652 708 1728 inter,
724 1649 795 1728 tibi,
812 1650 934 1728 Caesar,
952 1660 986 1717 et
1001 1653 1091 1717 omni

240 1761 413 1839 Successu,
425 1759 564 1824 moriens
579 1758 701 1844 gaudet
712 1755 808 1828 lerna
821 1768 890 1823 tuo.

197 1865 316 1932 Fracta
329 1863 431 1943 malis,
447 1875 547 1931 exuta
561 1865 666 1943 bonis,
681 1886 771 1930 mens
787 1863 856 1931 sola
871 1863 985 1931 relicta
1000 1876 1064 1942 est,

242 1973 413 2038 Immemor
427 1969 610 2037 Austriacoe
624 1993 699 2056 quae
712 1973 826 2056 nequit
840 1994 912 2039 esse
926 1971 1053 2039 domfis.
1126 1982 1149 2040 4

199 2078 331 2146 Scilicet
340 2078 524 2143 Austriacis
538 2077 679 2143 debetur
693 2077 802 2144 Iberia
811 2079 898 2165 jure,

244 2185 362 2253 Gentis
377 2195 411 2251 et
426 2183 599 2271 Hesperiae
614 2183 682 2249 filia
696 2183 787 2252 dicor
797 2207 871 2272 ego.
930 2185 932 2192 '

200 2293 301 2360 Adde
315 2292 404 2378 quod
417 2303 451 2359 at
464 2289 556 2357 vultu
569 2313 620 2356 me
635 2291 837 2378 prospexere
849 2291 1002 2378 benign0,

245 2401 297 2466 Te
312 2400 400 2466 velut
412 2421 538 2466 aurorae
552 2399 798 2484 praa-quotiens
813 2410 934 2486 patres.
1128 2407 1152 2470 8

203 2507 296 2594 Ergo
306 2529 394 2574 meas
409 2507 498 2585 audi,
513 2504 680 2592 Majcrum
695 2528 785 2571 more
797 2505 959 2591 querelas,

247 2615 292 2681 Et
306 2615 417 2682 videas
431 2636 538 2694 casus,
554 2613 587 2679 0
603 2611 784 2699 Leopolde‚
798 2635 899 2680 meos.

203 2721 287 2789 Filia
300 2721 454 2788 Romana
467 2721 565 2799 sediS,
582 2731 630 2786 tot
645 2719 763 2787 saecula
777 2742 904 2807 puram,

249 2829 392 2906 Servavi,
406 2827 521 2892 mediis
535 2826 698 2907 hostibus,
711 2850 816 2913 usque
829 2828 939 2898 fidem.
1106 2835 1152 2900 12

205 2935 314 3013 Hanc,
329 2933 485 3011 Henrice,
498 2932 586 3012 mihi,
601 2955 661 2999 nec
676 2932 743 3002 filia
754 2936 847 3023 pejor
858 2935 962 3013 Elisa,
1018 2942 1019 2946 ’

249 3042 323 3109 Nec
337 3049 480 3128 poteras,
495 3037 667 3120 Crumwel,
683 3040 797 3108 tollere
813 3064 898 3108 saeve
913 3041 1003 3109 mihi.

209 3150 281 3216 Sint
296 3147 440 3236 quamvis
455 3147 542 3212 bona
551 3158 646 3235 rapta
659 3147 738 3214 mihi
749 3149 925 3215 crudeliter
938 3149 1047 3230 armis,

252 3256 421 3324 Permansi
435 3265 599 3333 constans,
614 3277 855 3342 permaneoque
869 3257 947 3323 fide.
1104 3259 1148 3323 16

208 3362 284 3431 Hoc
299 3362 440 3429 solamen
454 3362 527 3441 erit,
542 3360 641 3429 causa
652 3363 817 3450 chlaqac
830 3364 974 3452 Datque,

250 3471 415 3537 Occubuit
429 3468 496 3534 fato
512 3469 610 3534 tristis
625 3468 724 3534 lenm
740 3493 810 3536 suo.

209 3577 277 3645 Hei
291 3573 379 3654 mihi,
396 3575 474 3661 quid
489 3573 563 3654 feci,
574 3575 636 3640 nisi
648 3575 738 3660 qubd
752 3587 940 3645 constanter
953 3576 1090 3656 adhoesi,

254 3683 416 3770 Legitimo
428 3682 509 3768 regi,
522 3680 730 3768 legitimoque
745 3683 858 3752 Petro.
1105 3687 1148 3754 20
