2438 4308
156 280 199 344 30
535 293 712 348 nussum.

70 425 73 434 Ι
157 451 344 538 congregat
353 449 540 518 immensam
552 449 697 535 pretioso
712 445 857 534 pondere
872 469 1020 528 massam,

156 557 310 626 Protinds
326 555 645 646 argutithesaurum
659 565 766 621 mente
782 553 972 624 recondens.
1077 544 1080 550 ’

155 665 237 732 Post
251 665 322 733 haec
338 664 379 730 ad
395 664 532 752 patriam
546 685 692 730 remeans
703 663 772 749 jam
786 663 939 750 dogmate
953 659 1075 736 clarus,

153 773 266 855 Venit,
280 785 313 841 et
322 771 487 840 inventum
500 771 611 838 multis
619 771 688 860 jam
702 770 817 838 dividit
833 791 959 848 aurum,
1028 767 1096 833 436

156 879 336 948 Proficiens
351 880 475 947 cunctis
490 879 690 949 discentibus
705 878 850 964 undique
866 879 988 946 circum

155 987 268 1076 Reges
283 1011 390 1076 quem,
405 986 530 1076 populi,
545 986 634 1066 cleri,
648 987 820 1073 cunctique
835 983 952 1062 coloni,
1040 1066 1041 1070 Ἰ

157 1097 280 1162 Omnes
296 1096 462 1162 unanimes
477 1105 672 1162 venerantur
686 1104 794 1160 mente
810 1091 935 1158 sereni.
1014 1123 1016 1127 v

154 1198 244 1267 Huic
259 1198 359 1266 simile
373 1200 407 1264 in
421 1199 488 1266 virs
500 1197 685 1264 Wilbrordi
699 1221 832 1266 carmen
846 1198 997 1264 habetur.
1029 1195 1099 1260 440

155 1315 178 1348 “
193 1307 340 1376 Venerat
354 1307 497 1373 occiduis
512 1307 644 1392 quidam
658 1305 699 1372 de
713 1305 834 1372 finibus
847 1305 947 1382 orbis,

154 1414 217 1481 Vir
230 1416 349 1481 virtute
364 1424 491 1500 potens,
507 1414 616 1479 divino
632 1412 748 1500 plenus
765 1434 885 1490 amore,
1013 1398 1016 1403 ¹

156 1523 225 1589 Ore
242 1545 346 1610 sagax,
356 1533 391 1588 et
404 1532 512 1592 mente
527 1519 616 1607 vigil,
632 1529 666 1586 ct
681 1517 826 1586 fervidus
842 1529 942 1598 actu;
1066 1605 1067 1611 ἵ

155 1630 213 1697 Ad
226 1643 270 1711 te,
285 1631 486 1718 temporibus
501 1629 621 1716 Pipini,
637 1627 775 1696 Francia
788 1625 896 1705 saelix3

156 1738 265 1812 Quem
276 1739 335 1803 tibi
345 1738 414 1824 jam
425 1737 538 1824 genuit
552 1735 693 1802 secunde
704 1735 873 1800 Britannia
886 1744 1000 1812 mater,
1031 1733 1097 1802 44⁵

153 1846 329 1932 Daciaque
343 1846 476 1924 nutrivit
491 1847 605 1910 studiis
622 1847 681 1912 sed
695 1845 855 1912 Hibernia
870 1844 981 1922 sacris,

153 1952 295 2018 Nomine
309 1951 533 2028 wilbrordus,
550 1951 610 2018 dte.
661 1973 668 1990 ·

197 2057 327 2124 Scilicet
342 2056 530 2141 antiquitus,
546 2056 662 2122 studiis
677 2055 869 2122 florentibus
883 2055 946 2122 illic

43 2213 46 2222 ,
153 2161 308 2247 Undique
324 2159 481 2229 collectim
493 2161 629 2226 studiosi
643 2159 799 2228 classibus
814 2183 888 2229 oras

153 2267 318 2336 Hibernas
332 2267 468 2354 petiire,
483 2279 516 2334 et
530 2291 589 2333 nos
604 2267 750 2350 habuere
765 2269 949 2354 magistros.
1028 2267 1095 2334 450
1212 2309 1213 2320 2

197 2377 306 2452 Quem
320 2375 532 2461 quaesitafuit
547 2375 662 2462 priscis
677 2374 856 2442 Academia
872 2372 1012 2442 Caesel?
1212 2379 1213 2396 ¹

153 2483 218 2550 Hae
233 2483 389 2571 quantirm
403 2483 546 2572 Europae
560 2493 640 2551 tunc
654 2481 826 2551 innotuere
841 2480 1007 2548 Palaestrae
1021 2483 1035 2550 i

152 2589 230 2658 Huc
245 2591 356 2680 Angli,
371 2592 436 2662 huc
452 2591 553 2674 Secti,
568 2589 634 2662 huc
649 2589 810 2660 advenire
825 2589 986 2669 Britanni,

154 2696 318 2783 Gallique,
334 2683 552 2784 Hispanique,
567 2708 601 2766 et
616 2698 754 2765 candida
770 2707 904 2784 pectora
914 2696 1037 2784 Belgae.

152 2803 254 2869 Filius
270 2787 442 2902 Hesperiae
457 2806 555 2892 regis,
571 2803 725 2890 Casselia,
739 2807 903 2892 quondam
980 2787 983 2792 Ι
1028 2817 1094 2881 455

152 2909 273 2977 Vester
288 2911 434 2986 alumnus
450 2924 531 2991 erat,
547 2913 727 2998 studiisque
741 2915 885 2980 imbutus
900 2917 1032 2987 abunde

152 3019 319 3086 Occubuit
333 3017 450 3105 plenus
465 3021 597 3099 meritis,
613 3021 668 3106 pia
681 3032 794 3102 meter,
808 3023 995 3110 ademptum

152 3126 288 3194 Ornisti
303 3127 437 3196 tumulo.
481 3129 594 3196 Decus
609 3139 660 3195 est
674 3129 829 3198 habuisse
844 3129 1029 3217 sepulcrum

151 3229 314 3318 Principis
329 3232 482 3318 Hispani,
498 3235 598 3298 studii
612 3234 669 3319 qui
682 3245 789 3301 motus
806 3257 926 3316 amore,
1124 3237 1126 3242 ’

54 3328 57 3336 ’
152 3339 288 3430 Oceani,
304 3351 464 3428 terraeque
481 3340 554 3408 tulit
569 3341 762 3424 discrimina,
778 3343 883 3412 donec
1027 3347 1094 3412 too

152 3443 262 3510 Littus
277 3444 320 3511 ad
335 3443 530 3527 Hibernum,
545 3467 606 3514 ceu
621 3445 734 3512 doctas
749 3447 837 3515 venit
851 3446 1011 3517 Athenas.

143 3565 146 3574 ’
194 3552 286 3630 Quid
299 3577 472 3644 memorem
488 3552 621 3622 Scotum
637 3553 788 3642 Dunensi
801 3555 891 3622 sidus
906 3558 948 3626 ab
963 3559 1056 3640 urbe,

152 3659 250 3727 Sidus
265 3659 384 3730 abhinc
398 3663 471 3744 toti,
486 3663 575 3756 quod
588 3661 654 3730 late
669 3661 821 3730 illuxerat
836 3662 917 3730 orbi.
