2440 4292
194 331 258 397 112
572 347 750 394 utranam.

190 501 371 580 Milesiam,
386 499 438 565 vel
453 499 638 566 Goiomides
653 499 804 582 audiunt)
826 500 859 564 in
881 497 1052 584 Hispaniis
1075 493 1136 563 flo-

192 610 269 686 ruit,
292 630 377 673 anno
400 607 449 672 la.
481 607 573 692 regni
593 605 742 685 Davidis,
765 605 885 672 Mundi
908 607 986 671 vero
1005 603 1089 670 2901
1116 627 1136 668 a

192 712 325 780 Diluvio
349 711 521 780 universali
547 719 640 780 ltro.
684 712 730 780 Et
750 714 804 779 hic
826 713 979 781 Milesias
1000 714 1081 796 (sive
1101 713 1137 778 in

191 821 358 908 Hispania
383 841 510 906 semper
539 841 642 905 usque
672 821 715 885 ad
742 831 880 886 mortem
911 821 1138 907 permanserit,

192 929 258 994 sive
272 930 306 994 in
319 928 467 1015 Schytio,
485 939 518 992 et
531 939 607 1015 post
622 928 656 992 in
670 925 820 1014 AEgypto
834 927 998 1005 meruerit,
1023 923 1141 992 duest·

193 1058 256 1123 que
271 1037 304 1101 in
317 1058 451 1102 uxorem
466 1033 566 1101 Scotit
580 1035 769 1100 Pharaonis
779 1032 979 1098 Neetonibus
989 1032 1040 1098 rel
1052 1031 1141 1098 Nee·

192 1142 285 1208 timrei
299 1141 376 1225 filia,
390 1141 533 1220 redierit,
554 1153 592 1207 ut
613 1140 716 1206 nostri
730 1137 842 1204 volunt
856 1139 1052 1223 Antiquarii,
1075 1161 1138 1224 per

193 1271 244 1315 me
264 1247 366 1332 licet,)
389 1261 462 1316 octo
484 1250 596 1336 genuit
616 1249 701 1314 filios
718 1265 864 1332 'quorum
887 1259 953 1312 tres
972 1248 1137 1329 Heberaa,

193 1353 327 1433 scilicet,
341 1357 497 1422 Herimoa
509 1366 543 1422 et
563 1356 682 1432 Hiraa,
706 1352 798 1418 simul
821 1375 894 1418 cum
913 1354 988 1420 Itlro
1010 1355 1141 1422 Milesii

194 1474 324 1548 patruo,
339 1464 551 1530 Hiber-norum
565 1461 701 1547 regioni,
717 1481 756 1524 ae
772 1459 904 1546 regibus
919 1461 1074 1547 originem
1092 1462 1142 1526 fe·

195 1579 320 1632 cerunt.
1031 1567 1033 1574 ’

259 1673 491 1761 Expeditionis
514 1673 717 1740 Milesiorum
737 1676 771 1738 in
794 1672 985 1742 Hiberniam
1009 1676 1140 1741 occario

195 1784 258 1848 fuit
272 1783 341 1850 Iilrt'
356 1784 425 1868 jam
445 1784 601 1848 nominati
621 1782 747 1870 caesios:
771 1784 828 1868 qui
850 1805 923 1848 cum
946 1782 1139 1848 Iiibemiom

195 1892 358 1970 inviseret,
372 1902 428 1955 aut
444 1889 643 1976 exploraret,
663 1912 683 1954 a
697 1890 867 1955 Donamus
886 1911 1010 1966 caesus;
1034 1889 1143 1954 curio·

196 1998 311 2074 sitatis,
324 2020 365 2062 an
378 1997 566 2064 temeritatis
577 1995 637 2061 luit
648 1999 802 2081 poenami
817 1995 871 2062 alii
882 1996 993 2062 volunt
1003 1995 1139 2062 eosdem

196 2103 344 2168 Milesios
360 2105 402 2167 ob
417 2103 558 2189 plurium
573 2125 729 2168 annorum
751 2105 785 2168 in
806 2101 968 2190 Hispaniis
988 2101 1141 2168 sterilita-

195 2221 271 2288 tem,
303 2208 406 2274 solum
427 2219 565 2286 vertere,
600 2209 642 2274 ad
666 2211 859 2294 quaerendas
881 2209 1019 2296 peregre
1042 2209 1139 2274 sedes

200 2328 338 2383 coactos.
383 2315 431 2382 Ut
444 2339 573 2401 cunque
588 2317 641 2394 sit,

260 2423 384 2491 Milesii
399 2447 458 2489 seu
474 2422 724 2493 scoto-Hiberna·
738 2425 795 2508 qui
812 2434 846 2488 et
870 2422 1014 2501 Goideli,
1039 2422 1142 2507 Schy-

195 2533 263 2598 tioo
273 2555 365 2617 geas,
381 2554 399 2596 e
412 2531 599 2608 Cantabria,
611 2530 769 2596 citerioris
781 2527 951 2616 Hispaniae
961 2529 1141 2614 provinciis,

195 2638 355 2706 instructi
373 2637 488 2716 classe,
514 2639 548 2701 in
571 2637 762 2704 Hiberniam
788 2635 952 2701 solverunt
976 2657 1026 2700 an.
1049 2659 1139 2701 mun.

196 2748 293 2816 2934.
306 2759 342 2812 et
355 2751 386 2811 5.
402 2748 494 2833 regni
509 2746 696 2824 Salomonis,
723 2745 874 2811 Calendis
890 2743 999 2823 Maiis,
1012 2742 1091 2808 luna
1104 2747 1137 2811 7.

196 2854 250 2920 die
264 2853 367 2931 iovis,
389 2864 426 2917 ut
440 2854 540 2920 habet
554 2852 697 2919 Flnhert.
719 2853 771 2918 his
793 2874 876 2918 vers.
902 2853 945 2917 ad
960 2874 1011 2918 an.
1027 2853 1139 2918 mund.

192 2963 261 3048 jam
275 2960 397 3025 dictum
1009 2940 1016 2964 ’

196 3113 218 3146 “
230 3109 359 3177 Scotieo
379 3109 562 3176 Cantabrico
576 3121 645 3174 tum
664 3109 759 3175 solvit
773 3109 882 3174 littore
897 3108 1009 3175 classis

243 3215 433 3293 Gotheiidoe,
448 3217 561 3301 priscis
577 3239 656 3302 gens
672 3215 810 3281 oriunda
825 3215 965 3300 Schyiia.

196 3321 343 3408 Tempus
358 3335 428 3388 erat
443 3324 602 3400 Salomon,
626 3345 691 3408 quo
713 3333 835 3388 structa
850 3321 1013 3386 dicaverat
1028 3323 1098 3401 uni,

240 3427 378 3516 Templa
394 3429 520 3516 opibus,
536 3431 640 3509 donis,
655 3429 738 3494 mole
755 3431 897 3515 superba
912 3427 997 3494 Deo.

198 3535 342 3623 Septima
357 3535 443 3615 luna,
458 3535 481 3604 J
483 3539 533 3602 ovi
549 3559 639 3602 sacra
653 3535 721 3614 lux,
738 3535 901 3622 Maiaeque
917 3533 1085 3614 Calendae,

241 3641 410 3731 Appulssis
425 3667 544 3710 annum
563 3643 706 3730 symbola
721 3653 809 3710 certa
824 3643 966 3711 notant-’⁹
