2412 4292
125 335 128 342 ·
186 297 250 364 218
576 314 750 362 urrunnu.

186 465 1126 554 tivsentiquioribusprincipibusscrehus-pubboisdeberi

185 577 325 654 videtur,
342 576 468 642 temetsi
483 574 600 661 opibus
616 597 654 641 eo
669 575 816 661 potentiis
831 575 1000 644 inferiores
1016 575 1091 640 sint.

249 683 380 770 Regum
396 683 556 747 Dioclem
569 693 601 748 et
613 671 885 767 inuuqurotioneni
895 682 983 767 quod
1000 683 1127 748 attinet.

185 789 397 856 Acutioribus
423 789 608 873 quibusque
628 803 742 854 notum
763 798 823 866 est,
853 810 895 853 ex
919 788 1128 873 Imperatori-

184 899 247 962 bus
256 892 469 960 Aurelianum
480 893 704 973 Diadematis3
728 895 1064 962 Constantinumverb
1076 895 1124 960 M.

184 1003 388 1088 frequentem
417 1000 557 1068 Coronoe
582 1021 679 1067 usum
704 1002 809 1088 primo
839 1003 1073 1080 introduxisse,
1093 1014 1127 1068 et
1190 1019 1194 1076 ¹j

183 1105 368 1175 Justinum'
386 1107 556 1173 «Iuniorem
586 1110 724 1193 primum
760 1111 901 1175 omnium
926 1110 961 1174 in
989 1109 1128 1196 inaugu-

183 1215 363 1282 rationibus
397 1210 524 1280 Corona
547 1215 745 1300 insignitum.
791 1213 990 1300 Lewigildus
1016 1228 1127 1283 autem
1194 1225 1195 1308 q

183 1323 480 1391 West-Gothorum
491 1343 605 1408 regum
619 1322 653 1387 in
667 1321 840 1407 Hispaniis,
855 1324 978 1408 primus
997 1325 1128 1392 cornui

183 1432 379 1517 interregis
402 1429 545 1516 Insignis
568 1451 646 1494 usus
676 1441 738 1507 est,
766 1431 865 1496 Anno
894 1434 1023 1498 circiter
1045 1434 1124 1499 Chr.
1195 1471 1196 1492 r

182 1541 258 1607 580.
301 1538 399 1616 Nam,
415 1548 499 1603 teste
514 1536 653 1616 Isidoro,
669 1549 743 1604 ente
758 1538 857 1616 illum,
880 1550 915 1604 et
936 1539 1070 1606 habitus
1092 1556 1126 1607 et

183 1669 357 1714 concessus
380 1647 560 1712 communis
585 1658 619 1711 et
641 1647 741 1732 genti,
755 1647 801 1711 ita
825 1661 861 1714 et
886 1649 1019 1733 regibus
1042 1648 1150 1720 erut-'i

183 1754 325 1842 Regium
339 1765 447 1818 umen
460 1765 557 1837 etque
569 1775 701 1818 sursum
713 1754 827 1838 cepitis
842 1755 978 1842 insigne,
991 1767 1060 1822 tam
1071 1781 1126 1826 su-

183 1863 313 1948 premis,
338 1883 397 1926 seu
421 1857 615 1934 monarchis,
630 1859 727 1943 quim
751 1861 847 1926 etism
872 1864 1123 1947 provincialibus
1197 1875 1198 1882 ’

182 1970 353 2037 Hiberniae
369 1969 512 2053 regibus,
526 1978 623 2052 atque
632 1965 767 2054 Reginis
775 1968 955 2053 antiquitris
969 1971 1124 2038 usitatum

181 2077 282 2143 fnisse
298 2095 408 2140 omnes
431 2075 548 2140 docent
566 2076 669 2138 nostri
684 2074 879 2160 Antiquarii,
894 2076 993 2161 idque
1015 2080 1123 2163 patrio

183 2203 329 2248 sermone
343 2178 441 2244 modi)
455 2179 577 2243 Asionn
597 2179 630 2243 id
653 2189 704 2244 est
718 2180 867 2246 diadema
881 2193 1009 2260 vocant,
1032 2186 1124 2269 quod
1198 2153 1199 2178 Χ

181 2290 335 2375 temporis
360 2298 476 2374 postea
499 2307 652 2353 successu
673 2288 771 2354 modb
789 2289 916 2369 Coruin,
938 2291 972 2357 id
993 2303 1043 2356 est
1064 2295 1124 2360 Co-

181 2421 262 2465 rona
288 2394 470 2483 promiseris
495 2395 560 2460 dici
583 2393 718 2461 solebat.
762 2394 869 2480 quue
894 2395 1043 2482 pluribus
1073 2421 1124 2464 os·
1193 2384 1199 2434 ³

181 2505 289 2572 tendit
310 2504 456 2569 Flohert.
482 2526 518 2590 p.
545 2502 598 2566 46.
622 2513 656 2567 et
677 2501 730 2565 47.
754 2502 812 2568 ubi
836 2502 937 2569 refert
959 2504 1122 2572 Mundam
1181 2577 1187 2591 ,

182 2610 369 2676 Connsctiae
390 2608 534 2694 reginam
554 2604 667 2672 Aurei
686 2605 817 2672 Coroni
841 2607 1021 2674 redimitam
1044 2633 1128 2695 que«⁴

180 2717 297 2804 drigsli
310 2713 431 2802 pompei
445 2714 540 2793 vehi3
562 2713 710 2780 Aureum
725 2713 848 2780 Ationn
863 2717 984 2802 reginae
999 2717 1122 2784 Hiber-

148 2837 150 2844 ’
180 2825 243 2888 niae
268 2824 302 2888 in
325 2821 471 2886 Comitiis
506 2820 744 2888 Temoreneibus
767 2819 866 2888 Anno
894 2823 1018 2888 Christi
1047 2825 1118 2892 174.

178 2929 266 2994 furto
280 2925 451 2992 subletum.
495 2925 576 3004 lmo,
590 2947 632 2990 ex
647 2925 685 2992 P.
711 2927 857 2993 Wordoeo
869 2929 903 2996 in
917 2930 982 2994 vite
998 2929 1034 2995 S.
1049 2929 1121 2996 Ru-

178 3034 288 3114 moldi,
304 3034 391 3111 citet,
407 3030 497 3117 quod
517 3032 551 3096 in
570 3030 690 3116 praeliis
712 3033 896 3103 diedemate
911 3037 1058 3104 coronati
1072 3038 1120 3102 in-

178 3147 332 3214 cederent
355 3163 465 3207 omnes
484 3159 579 3225 reges
595 3138 763 3206 Hiberniae
778 3153 876 3227 atque
892 3145 988 3210 etism
1002 3147 1035 3210 in
1049 3145 1119 3232 ple-

176 3258 287 3340 risque
313 3251 407 3316 Actis
431 3247 636 3315 solemnibus.
683 3246 728 3314 Et
750 3250 881 3334 quidem
895 3251 1040 3318 Briarcus
1061 3265 1118 3318 aut

176 3360 364 3424 Bernartius
378 3356 563 3420 Boromaeus
576 3351 694 3430 dictus,
717 3353 785 3418 visi
803 3354 928 3421 Corona
941 3355 1058 3443 Regiis,
1076 3361 1118 3426 ab

176 3463 324 3530 hostibus
353 3463 492 3549 agninis,
515 3459 676 3536 occubuit,
701 3459 763 3526 An.
787 3460 832 3527 D.
860 3464 943 3528 1014
957 3477 991 3530 et
1005 3463 1118 3532 Donn-

176 3568 298 3634 rhodus
306 3568 377 3652 ejus
391 3565 476 3632 filius
486 3563 650 3652 Majorum
664 3589 796 3640 suorum
810 3567 968 3636 Cormrum
974 3568 1117 3640 Romam

177 3694 286 3739 secum
311 3669 466 3742 detulisse
491 3669 611 3756 legitur
632 3672 731 3766 Anno
755 3671 846 3750 1064,
871 3674 959 3772 quod
983 3676 1117 3768 insuper
