2440 4292
489 339 667 388 nmnnnra.
988 328 1031 393 93

84 489 258 558 historicos
290 513 360 558 suoe
382 492 520 558 nationis
535 497 677 581 grantes
692 495 959 582 reprehendunt,
985 501 1033 565 ob

82 599 233 685 injuriam
250 597 410 666 Hibernis
433 598 554 666 illatam
575 601 607 667 in
631 601 745 689 rapinis
767 603 975 684 Sanctorum,
996 617 1031 672 et

83 706 261 772 illustrium
286 707 438 774 virorum.
492 707 662 773 Ferrarius
691 708 800 776 adhuc
829 711 1031 777 Servitarum

84 813 240 882 General.
256 810 354 880 Tom.
372 813 420 880 11.
446 813 606 893 Bavariae}
627 838 660 902 p.
676 817 751 882 254.
782 815 1030 903 Hagiacleptas,

83 941 141 986 seu
155 919 245 986 sacri
258 917 338 984 furti
358 939 433 1008 ¹reos
456 919 618 1004 ejusmodi
632 920 786 1007 appellat,
802 921 1030 1009 Gerraeitaqne

84 1038 171 1106 sunt,
197 1028 305 1113 inquit
326 1027 525 1114 Camdenns,
551 1028 641 1114 quod
657 1028 747 1094 Scoti
763 1030 910 1096 scribunt
919 1029 1030 1097 Scoto-

84 1153 282 1196 rumnomen
291 1141 325 1196 et
335 1152 475 1217 regnum
483 1129 631 1216 plurimis
646 1142 722 1198 ante
735 1132 902 1200 Christum
917 1145 1030 1200 natum

84 1235 215 1304 saeculis
240 1239 274 1302 in
290 1234 451 1304 Brittanit
467 1236 629 1303 floruisse.
682 1239 730 1305 Et
757 1240 857 1320 certe,
885 1239 940 1306 illa
955 1239 1030 1306 Bri·

81 1345 207 1412 anniae
227 1366 316 1430 pars,
341 1366 415 1430 quae
437 1343 537 1410 hodie
553 1344 665 1410 Scotic
686 1345 788 1425 audit,
811 1347 873 1412 alia
894 1359 1031 1413 nonest

13 1481 15 1490 ’
83 1453 185 1538 quim
208 1461 357 1518 veterum
378 1449 567 1530 Caledonia,
596 1474 681 1537 quae,
704 1454 844 1519 testibus
862 1452 974 1538 Gyldis
995 1466 1030 1519 et

83 1560 195 1643 Beda,
219 1583 262 1626 ne
282 1561 483 1646 temporibus
505 1560 638 1646 quidem
652 1558 829 1626 Theodosii
845 1562 986 1647 junioris
1008 1562 1029 1625 a

84 1667 194 1735 Sectis
208 1675 395 1732 constanter
408 1665 556 1732 habitata
572 1678 633 1746 est,
645 1668 703 1734 sed
718 1689 830 1733 eorum
846 1667 971 1734 tantum
981 1668 1030 1732 in-

84 1777 255 1844 cursiones
280 1797 322 1840 ex
346 1773 511 1842 Hibernia
532 1797 639 1861 passa.
684 1774 889 1841 Procedente
920 1787 1030 1843 autem

13 1915 14 1922 ¹
83 1895 246 1970 tempore,
274 1883 380 1968 inquit
403 1882 507 1962 Beda,
532 1882 567 1946 in
592 1881 671 1947 Hist
690 1881 789 1968 Angl.
810 1879 887 1948 Lib.
903 1881 930 1948 Ι.
952 1905 980 1948 c.
998 1891 1028 1949 ὀ.

85 1992 259 2059 Britannia
271 2001 348 2078 post
363 1989 517 2054 Britones
531 1999 566 2054 et
581 1987 703 2069 Pictos,
715 1989 843 2056 tertiam
855 1990 1029 2088 Scotoqum

84 2101 252 2166 nationem
272 2098 306 2161 in
321 2095 488 2162 Pictorum
503 2105 597 2180 parte
622 2097 756 2184 recepit.
801 2095 848 2162 Et
866 2094 1033 2163 Dalriedi-

84 2202 598 2290 namlocum,queminsederant,
608 2203 728 2270 ibidem
737 2203 897 2290 designat.
909 2203 1032 2290 Neque

84 2315 173 2383 enim
186 2313 317 2399 integra
329 2313 402 2398 ipsa
416 2309 570 2389 Albania,
584 2334 659 2396 qnae
673 2311 830 2377 moderna
842 2311 952 2376 Scotia
967 2323 1029 2390 est,

85 2420 260 2488 debellatis
272 2422 380 2486 statim
389 2419 502 2498 Pictis,
518 2418 655 2484 sedtum
665 2418 808 2495 demum,
820 2415 896 2482 crim
907 2415 1034 2503 populo

86 2529 230 2618 utroque
245 2531 278 2596 in
292 2539 423 2616 gentem
434 2549 532 2592 unam
543 2525 759 2604 coalescente,
767 2523 925 2590 obsolevit
932 2523 1030 2610 plane

86 2639 197 2726 gentis
212 2635 345 2703 Picticae
367 2633 540 2698 memoria:
563 2629 663 2717 quod,
681 2638 809 2694 utente
825 2628 1031 2694 undecimum

86 2755 167 2831 post
196 2739 320 2808 Christi
353 2738 554 2804 nativitatem
585 2734 749 2813 saeculum,
777 2733 1032 2820 haudquaquam

86 2855 229 2928 factum3
250 2849 298 2913 ita
311 2841 557 2928 neminem,{qui
570 2853 641 2908 toto
656 2839 918 2906 antecedentium
933 2861 1034 2906 anno·

87 2987 163 3034 rum
176 2959 283 3047 spatio
298 2954 476 3043 scripserit,
490 2951 630 3038 produci
640 2971 738 3036 possa
754 2949 960 3026 arbitramur,
975 2947 1033 3033 qui

88 3070 212 3138 Scotiae
227 3061 455 3152 appellatione,
470 3058 641 3125 Albaniam
654 3078 797 3142 unquam
805 3054 1032 3142 designaverit.

88 3177 198 3248 Porrb
223 3175 276 3258 (ut
297 3167 502 3237 doctissimus
523 3164 679 3234 Ueserius
707 3170 854 3231 annotat.
879 3161 921 3231 de
943 3159 1034 3233 Eccl.¹

89 3289 179 3358 Brit.
203 3278 389 3369 primordiis
412 3296 488 3361 pag.
504 3270 671 3354 734)1icet
686 3267 814 3346 Scotos,
838 3267 896 3352 qni
911 3265 1035 3332 Hiber-

89 3398 190 3472 niam,
212 3401 247 3458 et
263 3389 380 3454 Scotos
396 3380 668 3470 quiBritanniam
682 3373 839 3454 incolunt,
854 3396 925 3440 ven.
940 3372 1035 3440 Beda

90 3501 266 3586 diligenter
288 3492 486 3576 distinguat:
513 3486 586 3571 ipsa
606 3495 716 3562 tamen
732 3479 844 3544 Sentio
861 3481 892 3545 ei
907 3501 1035 3564 semper

90 3619 143 3674 est
156 3604 264 3682 unica,
276 3601 384 3668 ecdem
398 3593 549 3665 nimirrim
563 3613 637 3678 quae
652 3585 825 3654 Hibernia.
848 3586 927 3653 Plus
940 3611 1035 3674 aequo
1092 3621 1093 3624 ¹

91 3713 241 3782 fortassis
256 3709 289 3774 in
303 3707 367 3774 hac
382 3701 516 3774 materiis
531 3703 718 3767 immoratus
735 3718 823 3774 sum3
847 3697 968 3782 quippe
984 3719 1034 3763 me
