2440 4292
171 277 234 344 104
529 301 708 350 ursanum.

169 469 228 514 aas
251 459 370 532 autem,
397 455 570 520 &nonnae
587 463 621 522 et
643 455 829 540 Singaram
852 457 1108 528 Domitiorum

169 557 269 626 duces
293 560 336 625 ad
364 573 508 626 austrum
532 560 681 628 Dublinii
710 562 746 636 in
777 563 924 650 Lagenii
946 565 1110 632 Arkloen·

169 687 235 732 aem
250 679 380 753 portum
390 667 563 748 intrdrunt
578 671 621 735 ab
635 688 747 736 eorum
762 681 840 738 tunc
855 674 984 739 nomine
998 674 1110 742 Inse-

168 775 303 842 domnan
317 776 458 842 dictum.¹
476 776 540 842 Est
550 787 661 844 tamen
676 776 757 845 alius
772 779 871 868 hujus
884 783 1023 848 nominis
1035 801 1111 868 por-

167 892 221 948 tus
250 883 284 947 in
312 883 502 952 occidentali
527 884 678 954 Conaciae
707 886 816 974 plagi,
845 891 903 955 ubi
931 889 1111 958 Dumnonii

167 987 266 1074 longo
280 1000 357 1075 post
372 1001 517 1078 tempore
538 991 694 1058 dominati
716 1005 801 1060 sunt.
848 995 982 1082 Quippe
997 995 1111 1064 harda

168 1097 254 1162 inter
265 1098 409 1183 quinque
422 1098 606 1164 nominatos
621 1098 746 1180 Duces,
759 1103 902 1188 quinque
913 1103 1034 1188 partita
1047 1114 1110 1180 est,

168 1205 379 1291 regnavitque
399 1205 432 1270 in
454 1200 617 1270 Hibernii
636 1205 753 1272 horum
767 1207 956 1293 Principum
971 1207 1110 1276 Colonia

161 1312 260 1376 *annis
288 1311 342 1386 80,
370 1333 430 1396 per
458 1333 573 1376 novem
595 1311 707 1399 Reges
739 1315 795 1399 (de
823 1316 944 1401 quibus
975 1319 1108 1402 postea)

168 1418 357 1503 priusquam
372 1419 392 1483 a
406 1417 588 1498 Danannis,
609 1421 643 1486 in
657 1421 851 1490 Hiberniam
865 1425 1003 1490 reversis
1019 1424 1111 1490 del'e·

170 1536 293 1592 rentur.
340 1526 454 1601 Quare
467 1549 555 1593 nunc
570 1529 611 1593 sit

254 1788 288 1852 4.
311 1807 355 1851 nr
371 1805 609 1853 nanauuanuu
625 1807 661 1854 ru
677 1809 843 1866 amenum
863 1810 1020 1856 comma·

211 1967 405 2047 Danannur,
419 1966 512 2034 aliter
526 1966 852 2048 Tuath·Dedannen,
871 1967 975 2034 dictos
990 1977 1110 2055 putent

168 2075 299 2162 quidem
316 2071 503 2159 Antiquarii
521 2076 644 2140 nostri:
674 2072 726 2141 vel
745 2066 835 2160 qnod
861 2075 922 2140 tria
938 2072 1108 2140 hominum

166 2199 288 2266 genera
305 2178 639 2264 comprehenderent:
663 2201 780 2264 nempe
795 2178 953 2246 Dominos
968 2201 1108 2264 quorum

166 2294 239 2350 erat
262 2304 396 2369 regere:
433 2282 565 2369 Magos,
591 2305 650 2350 seu
671 2284 828 2362 Druidae,
853 2285 912 2369 qui
941 2281 1107 2350 sacrificiis

167 2402 340 2479 praeerant,
367 2389 423 2477 qui
445 2401 480 2458 et
501 2388 560 2456 Dii
588 2391 630 2458 ab
656 2391 808 2456 Ethnicia
829 2389 1041 2460 dicebantur:
1073 2399 1106 2454 et

168 2501 298 2583 Poetae,
328 2522 387 2566 seu
412 2498 608 2565 Historicoa.
637 2496 780 2562 Flahert.
812 2508 922 2567 autem
949 2516 1026 2582 pag.
1055 2501 1105 2560 la.

166 2607 387 2676 Thuath-Dee
411 2606 476 2673 dici
497 2608 573 2672 inde
591 2617 697 2692 putat,
717 2604 807 2690 quod
822 2603 964 2691 populus
986 2601 1040 2668 ille
1062 2602 1107 2668 ad

168 2714 265 2780 Dean
288 2715 420 2780 fluvium
440 2715 474 2779 in
490 2713 659 2780 Britannia
674 2722 846 2796 antequem
865 2713 898 2776 in
913 2709 1107 2777 Hiberniam

166 2821 357 2906 appulisset,
380 2831 597 2886 commoratus
626 2822 677 2886 sit.
722 2818 910 2905 Reliquum,
938 2817 1029 2903 quod
1054 2827 1107 2882 est

167 2932 310 2994 Danao:
325 2948 391 2990 non
401 2927 516 3004 ausim,
529 2927 645 3012 inquit,
659 2925 829 2994 Danorum
843 2928 962 2993 nomini
976 2927 1109 2994 affinem

167 3035 254 3102 dici:
288 3057 362 3100 cum
389 3056 455 3098 non
478 3034 539 3098 nisi
568 3032 693 3100 saeculis
717 3032 909 3098 Christianis
936 3031 1109 3099 Danorum

166 3167 284 3210 nomen
309 3165 383 3208 cum
406 3158 518 3208 eorum
541 3140 786 3224 irruptionibus,
808 3138 934 3204 Latinis
956 3139 1106 3206 innotuit.

161 3251 281 3318 'Potuit
295 3263 403 3317 tamen
415 3249 537 3314 diutius
552 3249 641 3333 apud
655 3248 745 3333 ipsos
760 3245 929 3332 usurpari:
953 3247 1109 3331 quemad-

166 3359 298 3425 modum
313 3359 478 3424 Scotorum
490 3367 524 3422 et
536 3355 701 3421 Pictorum
715 3353 855 3431 nomina,
879 3349 988 3417 multis
1005 3371 1109 3418 saecu·

161 3455 217 3544 iis,
230 3467 296 3531 suis
309 3465 461 3550 gentibus
475 3464 577 3550 prius,
592 3484 691 3549 quam
705 3457 860 3526 Romanis
875 3469 961 3524 nota.
1006 3456 1055 3523 Ut
1070 3470 1107 3524 ut

167 3576 225 3640 sit:
242 3573 411 3640 Danannae
428 3573 484 3656 (sic
506 3593 562 3637 eos
582 3567 737 3654 deinceps
752 3566 915 3634 facilitatis
929 3565 1035 3652 gratie
1049 3590 1108 3632 no·

166 3683 368 3764 minabimus‚
397 3680 469 3748 crim
491 3677 683 3746 vocabulum
711 3671 1039 3744 Teati-Dee·Doaan
1063 3675 1106 3786 ai)
