2438 4308
167 355 210 420 28
549 377 727 423 mannum.

164 526 366 594 Patriruntl
386 525 522 595 celebris
534 539 647 595 nostro
661 527 843 596 Franconia
857 527 943 598 Divo

168 630 325 699 Kiliano:
349 633 493 700 Helvetii
508 633 627 701 Gallo:
652 633 805 716 Gallique
824 634 946 703 Fiacrae

165 741 255 808 Vota
269 755 405 809 vovent:
422 754 595 828 utrumque
610 742 721 830 polum
734 742 883 811 lustravit
898 746 1039 812 Hiberni

166 850 261 915 Ordo
276 850 467 918 Columbeni
481 851 640 917 monachi.
684 849 835 918 Kildaria
849 853 941 939 virgo

166 957 313 1044 Brigida,
326 957 465 1025 miriclis
479 953 665 1024 notissima:
688 957 757 1022 filia
771 959 857 1046 regis
1040 959 1108 1023 375

166 1063 339 1130 Scotorum
357 1063 474 1146 (fuerat
487 1076 577 1143 tunc,
591 1064 701 1130 Scotia
716 1065 836 1152 Major,
851 1067 948 1133 lerna
958 1067 982 1150 3)

164 1169 287 1256 Regius
301 1170 365 1236 hoc
380 1167 499 1236 Divrim
514 1169 636 1238 claudit
650 1171 845 1238 Laurentius
859 1195 985 1260 agmen,
1040 1247 1043 1256 ,

164 1277 304 1343 Dublini
318 1299 408 1343 sacer
422 1279 566 1357 antistes,
582 1280 638 1363 qui
653 1290 780 1344 mortua
794 1281 868 1345 vitae

166 1383 314 1468 Corpora
328 1383 493 1462 restituit;
516 1386 625 1450 triduo
640 1384 716 1452 licet
728 1387 782 1453 ille
797 1387 971 1473 sepulchro

164 1489 329 1555 Feterent.
368 1489 494 1556 Praesul
509 1491 632 1562 tantiam
647 1515 745 1579 prece
760 1499 890 1560 numina
904 1496 1013 1562 movit.
1040 1499 1119 1574 380Ι

165 1596 220 1662 An
235 1611 341 1664 vatem
357 1600 508 1665 eximium
525 1598 719 1668 Malachiam
732 1625 823 1667 musa
838 1602 956 1682 silebit,

165 1703 316 1770 Melliflui
331 1728 441 1772 curam
456 1705 623 1787 Doctoris,
638 1720 671 1774 et
685 1710 773 1773 orbis
788 1708 969 1776 honorem?

164 1809 223 1875 llle
238 1809 313 1876 Deo
327 1811 455 1897 plenus,
470 1835 552 1897 quos
569 1813 664 1879 saecla
677 1815 787 1900 priora
800 1814 904 1880 tulere

165 1914 354 1993 Pontifices,
369 1929 426 1981 aut
440 1939 522 2001 quoa
537 1929 617 1982 aetas
633 1929 769 1985 ventura
782 1919 918 1999 videbit,

165 2023 232 2088 Per
247 2025 338 2110 signa
352 2022 436 2088 dixit
449 2023 618 2089 manifesta
633 2050 642 2102 ;
666 2025 724 2090 sed
740 2036 813 2090 acta
826 2026 996 2112 prophctoe
1041 2030 1108 2096 385

166 2129 341 2213 Vitamque
356 2131 474 2206 eximii,
489 2131 617 2216 scripsit
631 2130 823 2198 venerabilis
835 2133 950 2200 Abbaa

166 2235 366 2300 Bernartius.
412 2233 527 2309 Qualis
542 2235 691 2319 scriptor,
709 2246 741 2300 te
748 2235 872 2320 judice,
889 2236 1036 2304 Lector?

167 2326 333 2408 Praetereo
347 2344 531 2408 innumeros
547 2341 639 2427 queis
654 2339 777 2427 gaudet
791 2341 896 2416 lernia
912 2355 1040 2416 anctos
1053 2372 1063 2423 3

166 2449 319 2534 Namque
333 2471 444 2514 omnes
459 2469 628 2514 numerare
640 2460 760 2535 potest,
776 2450 833 2533 qui
846 2451 953 2515 sidera
967 2451 1042 2524 coeli

166 2555 389 2623 Annumeret:
406 2577 468 2626 nec
484 2556 568 2626 enim
583 2554 671 2619 dicta
682 2565 732 2620 est
743 2553 904 2619 Hibernia
918 2557 1019 2642 gratis
1041 2560 1110 2624 390

168 2663 278 2729 insula
293 2665 498 2742 Sanctorum,
514 2664 593 2729 dum
608 2662 737 2730 Scotica
751 2684 852 2748 regna
865 2665 1039 2732 manebant
1054 2691 1064 2745 ;

169 2770 200 2836 Ο
217 2770 382 2848 Patria,0
398 2767 518 2836 Divum
533 2768 696 2855 quondum
710 2770 764 2854 pia
779 2773 877 2836 cura!
922 2770 1064 2838 Penates

169 2877 222 2942 En
237 2876 298 2941 erit
312 2875 367 2940 illa
381 2874 461 2954 dies,
477 2873 543 2961 qui
556 2896 616 2942 uos
631 2872 724 2939 Deus
740 2873 862 2939 aethere
878 2876 920 2942 ab
934 2873 999 2944 alto

169 2985 302 3062 visitet,
315 2995 349 3048 et
362 2993 490 3054 nostras
504 2983 621 3058 iterum
636 3002 817 3052 remeemus
833 2982 866 3046 in
882 3004 955 3047 oras
966 2985 981 3054 l,
1042 2984 1110 3050 394

169 3090 314 3156 Plurima
330 3111 422 3158 sacra
435 3088 564 3166 cohors,
579 3087 804 3173 variorumque
817 3089 965 3154 ordinum
978 3090 1110 3160 lernam
1125 3177 1127 3182 Α

169 3196 370 3266 Lustricrunt
385 3195 517 3274 meritis,
533 3193 713 3278 studiisque
727 3193 906 3277 aequalibus
921 3215 1042 3262 omnes.

214 3303 285 3368 Has
300 3302 519 3380 Benedictini,
535 3300 725 3372 venerabilis
739 3300 822 3367 ordo
835 3323 896 3388 per
909 3323 982 3368 oras

169 3411 345 3477 Innotuere
362 3411 428 3476 suis
443 3410 565 3477 meritis
581 3409 784 3494 studiisque:
806 3421 956 3497 potentes

170 3518 317 3585 Evascre
330 3519 424 3584 bonis
439 3517 652 3594 Dominorum
667 3541 708 3584 ex
723 3540 867 3585 munere.
912 3517 1088 3597 Quondam

169 3624 348 3712 Templarii
362 3623 492 3692 valuere
509 3651 517 3690 :
541 3626 658 3711 quibua
673 3646 763 3712 sacer
778 3625 859 3690 ordo
867 3624 999 3700 Melites
1043 3627 1129 3714 ’1110ι

171 3729 333 3806 Successit
348 3729 417 3798 nelo
432 3731 571 3799 meliore.
617 3729 769 3814 Aurelius
783 3729 860 3820 illic,
