2438 4308
471 299 649 352 urnnnnrs.
984 281 1024 346 61

92 455 230 533 tissimis,
254 475 294 521 ae
320 453 428 523 colore
447 454 598 522 candido.
634 451 813 540 Equosque
828 452 925 541 parit,
938 454 995 538 qui
1009 477 1029 518 a

90 562 207 628 natura
220 562 427 648 sagacissimo
441 563 580 640 incessu,
597 570 632 627 et
642 560 782 647 quadam
797 558 1030 640 modulatione,

89 667 189 734 veluti
216 690 307 734 more
330 670 432 755 regio,
466 666 675 734 deambulare
706 667 868 734 videntur.
913 665 1027 753 Equus

89 775 190 842 habet
218 775 377 841 vectorias
389 797 400 850 ;
426 773 594 862 praecipud
615 775 772 851 bonitate,
798 795 879 860 quas
901 771 1028 839 Ubinos

91 882 218 962 vocant,
233 881 408 949 celeriores
420 882 578 970 Anglicis,
590 905 672 968 quus
686 881 854 970 modarius
864 880 1030 948 dicimus.”

12 1099 13 1126 i
135 1072 226 1140 Vide
236 1083 425 1159 sequentem
436 1071 699 1159 descriptionem,
712 1070 802 1158 apud
812 1069 1029 1136 Hsnnrsnuu

12 1241 13 1258 ,
91 1179 237 1246 Junrou.

12 1333 13 1338 ’
86 1330 139 1392 55.
163 1326 256 1392 “Illa
271 1349 333 1412 ago
347 1350 419 1394 sum
433 1327 544 1393 Graiis
558 1327 635 1393 olim
649 1325 792 1414 glacialis
811 1325 917 1406 Ierne,

91 1434 191 1500 Dicta
206 1446 240 1500 et
251 1434 393 1500 lasoniae
406 1436 529 1522 puppis
544 1436 627 1502 bene
642 1435 774 1521 cognita
786 1434 915 1514 nautis3
1037 1493 1040 1498 .

92 1543 177 1616 Quae
192 1540 408 1606 Tarthesiaco
423 1542 557 1627 propior
572 1563 608 1606 se
623 1541 748 1626 tingere
764 1537 849 1606 soles

90 1644 238 1710 Flumine
254 1645 430 1730 conspicio,
447 1667 547 1712 cauno
564 1646 712 1731 subjecta
726 1645 873 1730 procaci3

91 1752 154 1817 Cui
165 1751 259 1819 Deus
278 1761 312 1816 et
324 1750 437 1817 melior
451 1773 560 1816 rerum
575 1752 775 1818 nascentium
788 1751 892 1838 origo,

90 1859 153 1924 Jus
169 1879 337 1924 commune
352 1858 443 1925 dedit
458 1880 531 1923 cnm
545 1858 644 1924 Creta
659 1857 770 1924 altrice
785 1855 939 1924 Tonantis

89 1965 202 2042 Noxia
216 1985 257 2028 ne
272 1965 390 2028 nostris
406 1963 591 2030 diffundant
605 1963 698 2030 sibila
712 1964 745 2030 in
760 1963 825 2030 oris

12 2159 13 2162 Ἴ
92 2069 257 2136 Terrificae
271 2071 351 2138 creti
365 2071 442 2136 tabo
458 2069 684 2157 Phorcynidos
699 2093 843 2158 ungues3

12 2233 13 2274 ,
92 2179 139 2243 Et
153 2178 239 2244 forte
254 2177 344 2257 illati,
365 2179 560 2266 compressis
575 2178 723 2246 faucibus
741 2180 831 2268 atris,

12 2329 13 2340 κ
89 2287 211 2353 Viroso
221 2287 344 2373 pariter
354 2287 451 2352 vitam
466 2309 539 2353 cum
551 2289 709 2384 sanguine
721 2299 855 2374 ponant.

91 2394 147 2458 En
161 2416 225 2479 ego
240 2415 315 2458 cum
329 2395 422 2479 regni
434 2406 574 2481 sceptro,
590 2395 745 2464 mavortia
760 2394 858 2472 bello,

12 2509 13 2590 ᾗ
91 2501 232 2567 Pectora
246 2511 279 2566 et
293 2500 469 2566 horriferas
483 2501 659 2579 hominum,
676 2499 720 2565 nil
734 2499 839 2587 fingo,
855 2499 987 2586 figuras.

92 2608 162 2682 Qui
177 2629 272 2673 cursu
284 2606 427 2693 alipedes
443 2605 564 2672 ndruut
575 2616 772 2693 praevertere
787 2627 911 2683 cervos,
979 2665 981 2672 .

89 2715 231 2793 Dedico,
249 2715 456 2800 piscososque
468 2713 569 2793 lacus,
584 2710 817 2799 volucrumque
832 2713 980 2800 paludes.

91 2823 309 2908 Omnigenum
324 2820 434 2887 lustris
449 2820 543 2900 fetas,
560 2821 731 2907 stannique
746 2819 874 2888 fodinas

91 2929 139 2995 Et
155 2918 230 3016 puri
243 2919 371 3015 'argenti
385 2950 495 3006 venas,
510 2950 591 3012 quas
607 2941 704 3006 terra,
716 2927 848 2994 refossis

12 3079 13 3084 κ
92 3035 297 3113 Visceribus,
311 3057 422 3101 manes
438 3035 522 3101 imos
538 3032 825 3101 visursrecludit.”

155 3225 224 3290 Ubi
239 3236 360 3310 proetsr
381 3223 444 3291 alia
463 3211 658 3292 notandum:
673 3225 900 3292 Hibernorum
916 3248 1034 3294 nomen

12 3365 13 3374 ¹
89 3345 159 3400 tum
173 3332 339 3418 cognitum
355 3331 465 3410 fuisse,
479 3354 555 3398 cum
575 3331 786 3418 Argonauta,
802 3329 923 3399 dasone
939 3335 1035 3414 duce,

90 3438 331 3532 expeditionem
346 3438 380 3502 in
395 3436 536 3504 Colchos
551 3437 789 3503 adornaverint.
826 3437 937 3513 Quam
953 3445 1035 3507 anti·

12 3579 13 3582 ¹
90 3547 260 3633 quitatem,
279 3555 362 3610 teste
381 3543 567 3610 doctissimo
582 3543 727 3622 Usserio,
751 3543 793 3609 ne
816 3546 946 3630 quidem
962 3549 1034 3634 ipse

89 3651 237 3739 Populus
254 3649 422 3716 Romanus
438 3649 579 3717 omnium
593 3649 737 3736 gentium
749 3651 897 3717 dominus
907 3653 1033 3739 jactare
