2438 4308
491 307 669 358 marsum.
1005 291 1045 358 31

108 467 172 533 Cui
186 487 223 532 se
237 445 419 552 praetulerit
431 464 486 530 vix
500 463 606 532 Divus
621 464 749 531 Ductor
762 462 922 552 Aquinas,
941 449 945 456 ’

108 574 201 641 Illius
216 575 252 640 in
266 583 406 640 mentem
416 558 507 661 jurat
520 572 651 639 Lutetia
667 595 675 638 ε
694 573 785 660 jurat
983 573 1050 640 465

110 678 212 746 Orbis
225 678 415 745 Romanus*
429 689 539 745 natam
554 680 622 746 sine
636 680 711 746 labe
725 691 893 768 parentem

111 787 196 863 Quis
211 795 311 874 neget
325 806 398 852 esse
413 785 491 864 Dei,
505 786 595 871 quod
610 785 730 854 Scotus
744 789 875 854 abundi
889 789 1051 876 probavit,

110 891 241 960 Ductor
253 895 295 958 ab
307 892 382 960 hino
397 892 490 958 audit
504 892 642 961 subtilis.
685 893 828 982 Magnus
843 896 988 962 Ocamus

110 999 350 1086 Irret'ragabilis
366 998 505 1080 Doctor,
518 1000 645 1066 subtilis
660 1000 809 1070 alumnus

111 1107 270 1176 Doctoris
285 1110 352 1179 voti
365 1109 526 1195 ejusdem,
542 1109 724 1196 gentisque.
770 1109 920 1176 Cavellus
989 1111 1053 1177 470

18 1221 19 1266 3
111 1213 258 1301 Magnus
272 1215 305 1280 in
320 1213 384 1280 hoo
397 1235 547 1301 magnam
557 1223 722 1284 mereatur
736 1216 877 1284 carmine
891 1215 1031 1284 laudem.

111 1313 203 1394 Quid
215 1323 229 1387 i
244 1317 334 1405 quid
344 1331 380 1386 et
390 1319 532 1386 Hiberni
544 1322 701 1388 dochiuae
716 1323 837 1390 semina
851 1321 998 1404 Francis,

18 1511 19 1514 Ἴ
112 1425 159 1493 Et
172 1425 289 1513 Belgis
300 1426 445 1508 tulerint,
460 1439 623 1495 testantur
637 1439 674 1496 ut
689 1440 763 1495 aeta
775 1440 905 1496 vetusta

111 1535 217 1602 Teste
232 1536 470 1616 Buohanuano‚
481 1559 542 1624 per
555 1549 659 1603 metra
674 1538 855 1624 sequentia,
869 1547 954 1616 vate,

18 1707 19 1710 ,
113 1645 135 1678 “
145 1640 231 1712 Haeo
257 1665 388 1732 quoque
410 1665 484 1711 curn
499 1645 602 1712 Latiis
617 1653 768 1732 quateret
781 1641 874 1712 Mars
888 1643 1056 1712 Barbarus

70 1787 73 1792 ,
200 1747 338 1827 orbem,'
993 1759 1056 1820 tto

113 1853 193 1922 Sola
206 1857 311 1943 propi
327 1857 475 1946 expulsis
490 1859 552 1928 suit
564 1859 694 1946 hospita
704 1869 793 1926 terra
808 1857 980 1926 Camoeuis.

113 1963 203 2031 Hinc
216 1964 351 2051 Sophias
365 1966 490 2054 Grajae,
506 1968 640 2054 Sophiae
654 1969 788 2034 decreta
801 1965 942 2046 Latium,

18 2063 19 2070 '
114 2072 346 2160 Doctoresque
359 2076 463 2154 rudis,
479 2076 734 2163 formatoresque
745 2077 889 2164 juventae

116 2180 253 2248 Carolus
268 2183 311 2248 ad
326 2181 436 2252 Celtas
453 2186 609 2251 traduxit.
655 2184 791 2252 Carolus
805 2186 892 2252 idem

116 2287 183 2364 Qui
194 2289 328 2356 Francis
344 2291 457 2358 Latios
472 2293 587 2373 fasces,
601 2295 814 2381 trabeamque
830 2295 972 2375 Quirini,
993 2295 1058 2360 480

116 2397 217 2466 Ferre
231 2401 342 2468 dedit:
364 2401 499 2469 Francis
514 2404 683 2489 conjunxit
698 2402 822 2470 foedere
838 2403 985 2470 Sootos.”

19 2495 20 2532 l
157 2509 197 2574 In
213 2508 325 2576 Sancti
339 2511 405 2576 vita
419 2509 594 2577 cuthberti
607 2510 680 2576 haec
693 2518 797 2576 metra
811 2510 983 2598 leguntur:

19 2603 20 2612 ¹
118 2621 138 2654 ‘⁸
154 2617 328 2685 Scotorum
342 2619 398 2706 qui
411 2629 490 2685 tuno
503 2619 708 2684 habitaverat
721 2615 827 2686 incola
841 2624 947 2701 terris,

119 2726 291 2795 Caelestem
303 2730 429 2797 intento
445 2729 590 2816 spirabat
605 2727 704 2795 corde
719 2729 886 2818 sophiam3

117 2834 205 2900 Nam
219 2837 334 2924 patriae
350 2836 432 2902 fines
448 2849 481 2903 et
492 2837 600 2904 dulcia
613 2836 753 2923 liquerat
767 2862 855 2920 arva,
995 2841 1060 2906 485

118 2941 260 3009 Sedulus
274 2955 312 3010 ut
327 2943 461 3012 Domini
477 2946 628 3030 mysteria
642 2946 785 3013 disceret
795 2943 903 3014 exul.”

19 3105 21 3146 ζ
160 3049 272 3124 Quam
287 3050 405 3117 studiis
420 3052 518 3117 etiam
527 3074 608 3138 gens
624 3065 675 3120 est
686 3077 772 3121 nuno
787 3066 875 3142 apta,
890 3066 925 3121 et
938 3056 1039 3134 Iberi,

120 3157 165 3224 Et
179 3157 308 3238 Franci,
323 3158 502 3246 Betgaeque
518 3161 635 3241 sciunt,
651 3160 790 3248 Italique
804 3162 1037 3248 Bohaemique3

118 3263 181 3330 His
196 3265 317 3331 etenim
331 3265 451 3332 multus
465 3269 576 3336 studet
590 3265 667 3335 exul
682 3267 851 3336 Hibernos
866 3271 991 3351 inuris,
1096 3317 1099 3326 ‹

119 3371 304 3440 Deficiente
320 3372 409 3439 domi
423 3374 542 3442 studio.
579 3376 670 3443 Proh
686 3376 754 3443 fata
767 3375 925 3466 maligna!
995 3377 1061 3444 490

20 3475 21 3478 ’
120 3474 173 3543 Ira
187 3478 317 3546 Derim!
337 3480 423 3568 proh
437 3502 511 3570 quae
526 3484 673 3568 sequitur
688 3505 758 3550 sors
773 3485 883 3550 invida
896 3489 1044 3571 gentem!

471 3701 487 3736 ⁸
501 3707 519 3752 t.
531 3721 551 3753 ι.
562 3702 712 3756 catholicus.
