2440 4292
465 325 642 372 umerum.
967 307 1027 373 lou

85 469 267 556 Pharaone,
279 473 387 554 Niels',
410 487 448 542 ut
466 476 590 556 volunt,
614 499 727 546 socero
745 477 908 546 Eritbreis
921 477 1029 548 flucti-

85 577 145 643 bus
158 579 289 658 obruto,
306 580 341 648 in
354 581 524 669 schytiam
537 605 615 651 mox
629 587 776 664 rediisse,
790 587 847 652 ubi
858 588 901 652 sb
914 587 1029 654 ineolis

84 681 164 748 mele
178 683 285 752 habiti
302 687 336 752 in
350 687 508 754 Gotbiem
527 692 666 778 migrare
685 693 791 758 boeoti
808 703 895 772 sunt,
917 693 1029 779 ibique

84 808 297 879 peruentum
322 819 437 876 annos,
464 812 497 866 et
521 799 608 866 ultra
632 811 893 887 permenserunt,
921 801 1027 868 donec

84 903 213 972 taudem
227 905 261 968 in
275 905 475 992 Hispaniam
489 908 665 988 solverunt,
689 931 734 976 ex
757 908 823 995 qui
839 909 980 994 denique
994 909 1029 974 in

83 1007 276 1078 Hiberniam
287 1013 511 1100 penetrbrunt,
535 1016 592 1082 ubi
616 1015 724 1082 edhuo
747 1015 813 1080 suis
836 1015 870 1082 in
886 1015 1026 1101 posteris

83 1115 202 1196 vivunt,
218 1131 473 1208 perennemque.
517 1120 563 1188 Et
576 1121 649 1188 haeo
661 1133 712 1188 est
723 1122 855 1186 maditio
866 1121 957 1207 apud
967 1139 1026 1188 nos

82 1221 177 1308 vulgi>
191 1235 336 1310 receptu.
379 1225 505 1292 Verium
525 1225 789 1313 diligentissimus
811 1249 921 1296 rerum
934 1227 1026 1296 inde-

81 1339 173 1412 gator
194 1328 392 1410 Rubenius,
416 1353 448 1416 p.
473 1331 526 1398 72.
553 1353 618 1397 non
645 1331 749 1398 solium
771 1333 875 1400 Nesto
897 1341 1026 1400 tantum

81 1436 222 1524 deneget
236 1449 385 1506 aetstem:
408 1439 467 1506 sed
482 1441 553 1526 ejus
573 1441 670 1505 etiam
694 1461 768 1506 oum
787 1439 960 1506 Pharaone
979 1440 1028 1506 in·

80 1542 195 1612 durato
228 1546 428 1628 affinitatem,
457 1559 499 1615 *et
530 1569 604 1616 oum
634 1544 748 1632 Moyse
776 1545 1027 1613 fsmiliaritstem

81 1649 210 1718 abunde
234 1651 372 1732 refellit3
401 1676 440 1720 so
469 1653 567 1718 sentit
592 1673 666 1718 eum
691 1650 878 1717 melioribus
906 1663 1027 1718 nostre

81 1756 185 1839 gentis
214 1755 440 1846 chronologis,
470 1757 646 1836 Fenisiem,
674 1767 826 1842 quartum
850 1777 870 1820 s
891 1755 1025 1834 Noemo,

80 1861 263 1949 linguarum
283 1875 440 1951 tempore,
462 1874 496 1930 et
518 1873 755 1948 consequenter
773 1861 899 1930 Hateri
918 1881 1027 1948 equo·

80 1967 139 2035 lem
164 1969 278 2049 fuisse,
306 1981 342 2038 et
364 1974 565 2056 Lemfinmen
579 1993 599 2036 a
613 1967 717 2036 Niulo
731 1991 863 2048 nonum,
888 1969 1021 2056 Josephi

81 2076 111 2140 in
126 2075 281 2162 AEgypto
303 2098 457 2157 coaevum,
490 2087 565 2144 snte
590 2078 712 2144 exitum
733 2075 952 2142 israelitarum
981 2077 1023 2142 de

78 2185 235 2273 AEgyptm
250 2187 363 2254 relicti
381 2186 527 2274 schytit
541 2189 576 2252 in
590 2186 726 2254 Gemuit
740 2184 864 2254 Airioae
878 2188 1023 2273 regione,

79 2315 142 2359 non
157 2292 236 2358 veri>
253 2293 284 2358 in
300 2291 428 2360 Gothit
444 2292 554 2358 sedem
568 2291 690 2358 fixisse.

138 2397 185 2464 Et
197 2398 286 2464 certe
298 2398 371 2464 hoeo
386 2399 496 2484 opinio
510 2399 619 2484 priore
634 2396 735 2464 multi)
758 2397 957 2483 probabilior
978 2401 1024 2464 vi·

77 2507 196 2572 detur:
223 2517 291 2570 tum
316 2507 394 2592 quio
417 2505 616 2572 incredibilis
642 2505 711 2570 ferie
737 2515 788 2568 est
809 2515 901 2570 tenta
925 2505 1024 2574 Ntutt

76 2623 165 2689 etas,
190 2625 345 2697 quantem
366 2610 413 2676 illi
434 2611 636 2679 obtendunt:
666 2621 734 2676 tum
759 2609 847 2694 quie,
872 2622 909 2676 ut
930 2623 1023 2678 notet

76 2721 184 2786 sdhue
208 2719 391 2786 Flshertius
413 2741 458 2786 ex
482 2718 517 2786 S.
533 2719 640 2804 Sorip.
656 2730 783 2785 constet
798 2715 921 2784 nullum
937 2717 1024 2787 Phe·

75 2850 208 2893 monem
221 2828 254 2892 in
268 2827 419 2913 AEgypto
432 2826 633 2892 dominatum
656 2848 677 2892 a
697 2823 884 2912 linguonum
900 2825 1025 2914 disper·

75 2937 165 3001 sione
179 2935 223 3000 sd
236 2935 460 3000 Imoelitarum
474 2933 629 3000 Exodum
647 2945 714 3002 tem
732 2935 790 3001 diu
804 2935 902 3002 vitem
915 2931 1022 3020 prole·

75 3042 174 3108 trisse.
219 3041 286 3106 Sed
306 3052 339 3109 et
360 3043 466 3127 ipsum
486 3040 691 3108 Pharaonem
712 3041 804 3107 rubri
823 3041 920 3108 mstis
943 3037 1024 3106 fluo·

75 3150 163 3217 tibus
181 3151 334 3216 obrutum
354 3149 454 3216 elium
473 3148 575 3216 fuisse
594 3159 733 3226 comtet,
758 3171 778 3214 e
797 3147 1022 3214 Psamatbe

75 3259 129 3344 qui
145 3255 276 3344 Josephi
290 3257 490 3342 temporibus
512 3268 570 3322 aut
589 3255 678 3334 anti,
700 3275 807 3322 rerum
828 3253 924 3340 potiti
946 3263 1022 3320 sunt

75 3368 106 3432 in
120 3365 283 3451 AEgypto.
329 3363 417 3438 Qum
430 3384 505 3428 oum
524 3363 572 3428 ita
585 3364 663 3440 sint,
684 3357 851 3428 Flshertio
865 3357 1020 3445 deinoeps

74 3472 226 3539 assemiri
244 3493 310 3536 non
326 3469 454 3536 haesito.
498 3468 617 3554 Itsque
639 3466 828 3553 Lomfleour
841 3487 862 3530 s
877 3465 1020 3548 (Fenieio

74 3578 403 3646 Sento-Hibemorum
416 3576 522 3661 primo
536 3587 656 3652 satore,
671 3573 828 3648 decimus,
843 3582 880 3636 ut
891 3572 925 3638 in
936 3571 1019 3638 serie

74 3685 285 3775 genealogici
298 3685 409 3752 videre
429 3685 493 3767 est)
516 3705 590 3750 oum
604 3691 699 3768 petre
713 3679 922 3765 domomum,
942 3699 1019 3749 mox
