2438 4308
467 339 644 384 aruncum.

92 483 187 552 Melle
204 487 278 556 fluit
289 487 433 574 pulchris
448 501 482 558 et
495 490 607 558 lacteis
625 489 735 557 Scotia
750 492 883 578 campis,

16 639 17 668 ι
130 593 300 676 Vestibus,
316 607 414 685 atque
429 601 537 678 armis,
553 600 714 687 frugibus,
730 611 812 678 arte,
829 601 916 665 viris.
1021 622 1024 631 ·

91 701 247 769 Ursorum
262 704 368 771 rabies
384 704 471 772 nullo
484 718 536 771 est
550 707 615 784 ibi;
640 729 725 770 saeva
738 704 868 771 leonum

129 809 270 890 Semina,
285 833 345 878 neo
360 833 503 898 unquam
518 811 646 878 Scotica
662 823 748 878 terra
763 811 847 880 tulit.

90 917 187 984 Nulla
200 941 326 986 venenu
339 932 468 998 nocent,
485 943 546 986 nec
561 943 693 1007 serpens
710 919 812 1007 serpit
826 917 978 987 inberbi

16 1061 24 1108 ρ
128 1025 204 1092 Noc
219 1039 398 1112 conquesta
412 1027 498 1093 canit
511 1026 642 1114 garrula
656 1050 735 1092 rana
750 1025 834 1094 locu.

89 1131 127 1198 In
139 1133 205 1220 qui
218 1135 390 1201 Scotorum
403 1146 517 1222 gentes
532 1135 679 1200 habitare
694 1145 870 1214 merentur,

16 1233 17 1242 ¹
130 1242 257 1328 Inclyta
271 1265 351 1330 gens
365 1244 531 1310 hominum
544 1242 653 1320 milite,
668 1266 762 1328 pace,
777 1242 854 1308 fide.

90 1347 142 1416 De
156 1351 223 1436 quit
237 1363 314 1417 nata
328 1351 389 1416 fuit
403 1353 565 1438 quondam
582 1352 781 1417 sanctissima
790 1351 887 1436 'virgo

131 1457 269 1546 Brigida
284 1459 456 1526 Scotorum
472 1457 585 1546 gloria,
601 1481 728 1538 nomen,
743 1458 878 1524 houor.”

90 1655 120 1720 8.
140 1655 290 1724 Turnus
310 1658 345 1724 ιἰι
365 1657 437 1724 Vua
452 1657 535 1726 Jutts·
552 1657 730 1744 Agricolcr,
748 1657 841 1744 opud
855 1654 1029 1721 Lombord.

16 1769 17 1800 ³
388 1764 468 1852 Cap.
486 1769 536 1832 ll.
560 1766 726 1832 Commen.

151 1889 286 1964 “Quod
300 1901 365 1956 tom
379 1889 548 1958 Hiberniae
563 1916 660 1978 quam
675 1892 853 1960 Britanniae
871 1913 930 1960 suo
948 1901 1026 1960 tem·

16 2041 17 2052 ι
93 2018 170 2082 pore
185 1995 301 2063 melius
315 1998 433 2078 aditus,
450 2011 629 2090 portusque
646 2025 705 2090 per
719 2002 911 2070 commercia
925 2013 959 2068 et
974 2025 1031 2068 nc·

94 2103 285 2190 gotiationes
300 2103 452 2191 mgnitil'

156 2302 286 2376 Quibus
301 2302 400 2388 paulo
413 2303 497 2371 infra
515 2305 561 2372 sic
577 2305 672 2373 addit
682 2307 753 2394 ipse
766 2305 937 2372 Loussnn
949 2327 1002 2371 2-

154 2433 177 2464 “
193 2427 313 2508 Primo,
329 2429 493 2496 sciendum
509 2440 571 2508 est,
592 2429 681 2514 quod
695 2429 750 2495 hic
765 2439 798 2494 et
813 2427 942 2515 plurimi
957 2428 1031 2506 sint,

91 2544 123 2600 ct
137 2536 251 2620 optimi
266 2524 394 2622 portus,
416 2537 474 2622 qui
495 2537 643 2601 nimirum
666 2546 701 2600 et
720 2554 885 2600 accessum
908 2531 1033 2598 habent

91 2637 225 2718 facilem,
245 2633 392 2717 blidam
412 2643 560 2728 praebent
583 2640 762 2717 stationem,
785 2637 868 2703 adeo
888 2637 1031 2724 quidem,

91 2756 126 2810 ut
144 2745 266 2814 inisti
289 2749 386 2816 etiam
408 2760 501 2848 porte
524 2747 685 2857 Hibernia
707 2745 803 2838 longe
828 2743 1032 2815 Britanniam

94 2853 256 2938 superetl’

89 3049 118 3114 4.
142 3049 324 3117 Grnsnnus
341 3053 573 3130 Consonusrs,
588 3054 675 3120 Dist.
685 3054 711 3119 1.
728 3075 755 3118 c.
768 3054 798 3118 6.
818 3052 1030 3146 Topogrcplt.

154 3181 176 3214 ‘⁴
192 3176 394 3246 Fluminibus
409 3181 548 3268 egregiis
564 3181 730 3267 primoque
749 3202 768 3243 a
787 3189 943 3263 tempore,
964 3179 1031 3264 pri·

16 3303 18 3340 ι
91 3285 132 3350 mi
143 3294 240 3350 terrae
255 3286 347 3354 istius
360 3298 435 3374 post
446 3287 600 3375 diluvium
614 3287 738 3363 incolae,
755 3285 877 3354 scilicet
893 3283 1033 3353 Partho·

93 3395 167 3473 loni,
189 3395 435 3481 principalibus,
462 3404 495 3462 et
518 3396 648 3462 famosis
659 3417 785 3487 ,novem
808 3381 976 3474 scibditur,
1000 3406 1034 3460 ot
1061 3383 1065 3396 ’

92 3504 215 3590 rigatur
228 3501 354 3581 insula3
380 3496 518 3588 quorum
535 3504 664 3568 nomina
683 3512 758 3566 sunt
772 3500 865 3568 haec.
890 3497 1035 3566 Avenlif·

92 3608 153 3674 lius
168 3630 228 3695 per
243 3607 454 3686 Dubliniam3
478 3609 594 3676 Bonna
608 3631 667 3695 per
679 3605 864 3685 Ultoniam3
888 3605 1032 3673 Mocdus

94 3737 152 3803 per
167 3714 390 3795 Connactiam,
408 3715 487 3784 &off

775 3840 794 3899 9
