2438 4308
166 291 209 356 78
545 305 721 368 ursanum.

165 461 235 529 thiit
249 462 377 543 missus,
392 482 462 526 eam
488 458 584 546 sylvis
605 458 754 537 obsitam,
777 467 942 543 totamque
958 456 1112 522 umbrife-

166 593 234 636 rum
247 570 417 636 invenerit.

229 685 261 742 2.
294 676 425 742 Dicitur
454 685 542 741 terra
560 673 688 760 finalis,
717 672 902 757 (vernacule
928 670 1041 738 crioch
1067 672 1110 737 ni

163 783 370 864 fuincadhac)
386 783 475 869 quid
488 780 651 848 Hibernia
665 780 784 846 veteris
808 780 896 846 orbis
912 777 1044 843 ultimus
1067 779 1111 843 ad

164 890 366 956 occidentem
380 888 537 962 terminus
549 888 599 980 sit⁸¹
643 885 732 951 Hinc
744 886 895 972 opinatur
910 886 1110 963 Bocltmtus,

164 975 336 1062 Hiberniae¹
358 1014 475 1059 nomen
501 1014 573 1058 esse
598 990 779 1056 derivatim
802 1013 821 1054 a
844 989 1002 1056 Phoenica
1027 1010 1109 1064 voce

163 1104 312 1182 Iber-nae,
331 1124 407 1188 quae
428 1102 565 1167 vertitur
588 1099 702 1164 ultima
726 1099 898 1177 habitatio,
920 1099 997 1182 quia
1021 1097 1109 1164 ultra

163 1208 356 1276 Hiberniam
371 1212 414 1276 ad
429 1211 602 1288 Oceanum,
622 1217 742 1295 praetcr
755 1215 881 1270 vastum
901 1227 1001 1282 mare,
1025 1203 1109 1268 nihil

162 1327 288 1381 veteres
312 1327 493 1381 noverunt:
510 1325 608 1401 atque
623 1316 721 1381 etiam
735 1312 842 1400 colligi
854 1324 975 1400 potest,
987 1315 1109 1380 Hiber-

161 1423 248 1488 niam
261 1421 472 1489 Phoenicibus
494 1424 528 1488 in
550 1445 624 1488 oras
644 1421 772 1487 ultimas
788 1409 1025 1507 navigantibus,
1040 1441 1108 1496 non

162 1528 262 1594 fuisse
275 1530 470 1616 incognitam
486 1555 495 1596 ε
518 1528 612 1595 aliter
627 1527 760 1594 deducit
776 1528 953 1595 Cormacus
970 1527 1108 1616 Episco-

160 1659 225 1722 pus
251 1647 284 1702 et
309 1636 386 1702 Rex
401 1635 577 1704 Momoniae
601 1659 643 1701 ex
664 1633 783 1702 Graeco
808 1635 947 1714 hiberos,
972 1657 1104 1716 occasu,

161 1753 196 1806 et
209 1766 329 1826 nyooc,
340 1742 456 1822 insula,
471 1744 569 1828 quim
582 1741 687 1807 insula
699 1740 919 1808 occidentalis.

225 1851 257 1914 3.
280 1849 332 1914 Μ.
354 1850 503 1935 Elgnota
526 1849 719 1915 Partholoni
739 1871 842 1915 uxore
863 1849 1030 1937 Ιπίιεῐὲα.
1045 1871 1106 1916 seu

163 1954 269 2021 insula
284 1955 402 2022 nobilis
417 1957 505 2022 dicta
519 1967 580 2022 est.

225 2061 256 2124 4.
279 2062 350 2127 Ere
364 2061 415 2128 vel
429 2063 517 2128 Eric
540 2064 582 2128 ab
601 2063 701 2150 hujus
721 2065 858 2132 nominis
874 2062 997 2153 regini,
1010 2077 1045 2133 et
1060 2069 1105 2134 de

160 2163 248 2234 facto
262 2168 305 2233 ab
319 2167 480 2256 indigenis
501 2169 548 2235 sic
559 2169 631 2236 tdici
646 2171 737 2238 solet.
783 2171 900 2258 Longi
915 2192 994 2260 ergo
1009 2175 1106 2240 aber-

160 2287 245 2355 rant,
271 2277 329 2361 qui
356 2277 427 2342 Ere
455 2299 604 2343 occasum
629 2287 784 2358 vertunt3
817 2301 892 2344 nam
920 2290 991 2344 toto
1017 2279 1103 2344 coelo

161 2374 316 2441 differunt
341 2375 413 2442 Ere
437 2377 558 2462 regluae
587 2399 715 2456 nomeu,
744 2389 778 2444 et
806 2379 881 2444 Iriar
904 2400 1038 2444 occasus
1064 2391 1103 2444 ut

160 2494 254 2549 notat
269 2482 454 2558 Flahertius
470 2485 504 2550 iu
519 2482 649 2570 Ogygia
664 2483 785 2552 Insula.

224 2592 255 2656 5.
279 2591 396 2670 Fodlo,
412 2592 508 2657 etiam
523 2614 542 2656 a
556 2590 695 2677 Reginae
709 2589 838 2656 nomine
851 2591 897 2657 sic
914 2590 1011 2658 dicta.

221 2699 254 2761 6.
277 2701 406 2776 Baubo,
428 2697 585 2776 similiter,
609 2697 781 2784 aReginae
797 2700 936 2764 nomine.
982 2698 1102 2780 Porro,

159 2805 274 2868 harum
298 2805 397 2869 trium
417 2803 619 2889 Reginarum
633 2802 742 2892 Reges
759 2829 806 2870 ex
834 2806 1103 2874 Tottadedaana-

158 2935 228 2976 rmn
243 2908 295 2976 vel
308 2909 545 2976 Danaunarum
555 2920 653 2996 gente
663 2912 719 2994 (de
732 2913 850 2999 quibus
861 2913 989 3000 postea)
1003 2913 1102 2980 alter-

158 3021 208 3084 nis
222 3019 257 3084 in
266 3015 428 3085 Hibernia
443 3018 624 3102 regnabant
638 3019 740 3086 annis.
784 3019 858 3094 Nec
872 3021 974 3106 magis
989 3033 1102 3088 errant

158 3127 321 3218 peregrini
346 3127 541 3210 interpretes
567 3128 603 3194 in
631 3150 712 3194 voce
735 3151 799 3206 erc,
829 3129 928 3214 quam
956 3130 989 3193 in
1018 3152 1099 3196 voce

158 3237 289 3312 Baubo,
306 3234 383 3300 dum
408 3234 532 3302 beatum
555 3247 695 3304 vertunt.
738 3236 826 3302 Vide
841 3259 916 3303 mox
931 3236 1101 3303 laudatum

157 3344 304 3410 Floltert.
332 3343 390 3426 qui
419 3342 540 3428 optime
569 3366 642 3409 cum
672 3343 777 3410 Plinio
805 3354 898 3410 notat
926 3347 1099 3412 emacula

156 3453 297 3532 nantino,
307 3473 373 3520 non
387 3473 407 3522 a
420 3452 613 3538 peregrinis
630 3452 689 3518 sed
704 3452 746 3516 ab
761 3451 863 3536 ipsius
878 3450 997 3538 linguae
1011 3455 1099 3539 peri·

157 3563 197 3627 tis
214 3559 414 3627 addiscenda
427 3581 509 3626 esse.
556 3559 610 3626 Sic
633 3563 749 3626 Scottis
768 3571 890 3638 noster,
910 3583 930 3626 a
952 3561 1100 3648 Scripto-

155 3668 246 3734 ribus
262 3666 412 3752 ungena
432 3664 560 3744 dicitur,
580 3678 618 3732 ut
634 3665 802 3733 Hibernus
817 3666 954 3751 quilibet
968 3669 1010 3733 ab
1025 3670 1099 3737 Ere

156 3774 316 3860 Erigeoo,
340 3769 405 3836 dici
426 3771 540 3854 possit.
584 3771 678 3838 Idem
702 3783 810 3838 tamen
836 3772 963 3840 Auctor
985 3775 1096 3842 adhuc
