<?xml version="1.0" encoding="UTF-8"?>
<!DOCTYPE html PUBLIC "-//W3C//DTD XHTML 1.0 Transitional//EN"
    "http://www.w3.org/TR/xhtml1/DTD/xhtml1-transitional.dtd">
<html xmlns="http://www.w3.org/1999/xhtml" xml:lang="en" lang="en">
 <head>
  <title>
</title>
<meta http-equiv="Content-Type" content="text/html;charset=utf-8" />
  <meta name='ocr-system' content='tesseract 3.04.00' />
  <meta name='ocr-capabilities' content='ocr_page ocr_carea ocr_par ocr_line ocrx_word'/>
</head>
<body>
  <div class='ocr_page' id='page_1' title='image "./historicadescri00daggoog_0240.png"; bbox 0 0 2412 4292; ppageno 0'>
   <div class='ocr_carea' id='block_1_1' title="bbox 481 313 1052 403">
    <p class='ocr_par' dir='ltr' id='par_1_1' title="bbox 481 313 1052 403">
     <span class='ocr_line' id='line_1_1' title="bbox 481 313 1052 403; baseline -0.004 -1"><span class='ocrx_word' id='word_1_1' title='bbox 481 353 669 403; x_wconf 64' lang='lat' dir='ltr'><strong>arsamum</strong></span> <span class='ocrx_word' id='word_1_2' title='bbox 937 313 942 324; x_wconf 59' lang='grc'><strong>’</strong></span> <span class='ocrx_word' id='word_1_3' title='bbox 984 323 1052 400; x_wconf 84' lang='grc'><strong>223</strong></span> 
     </span>
    </p>
   </div>
   <div class='ocr_carea' id='block_1_2' title="bbox 89 503 1132 3892">
    <p class='ocr_par' dir='ltr' id='par_1_2' title="bbox 106 503 1132 1554">
     <span class='ocr_line' id='line_1_2' title="bbox 113 503 1053 596; baseline 0.002 -24"><span class='ocrx_word' id='word_1_4' title='bbox 113 503 285 594; x_wconf 86' lang='lat' dir='ltr'><strong>dequibus</strong></span> <span class='ocrx_word' id='word_1_5' title='bbox 299 505 398 594; x_wconf 83' lang='lat' dir='ltr'><strong>paulo</strong></span> <span class='ocrx_word' id='word_1_6' title='bbox 412 515 499 587; x_wconf 90' lang='lat' dir='ltr'><strong>ante,</strong></span> <span class='ocrx_word' id='word_1_7' title='bbox 514 507 584 574; x_wconf 87' lang='lat' dir='ltr'><strong>aliis</strong></span> <span class='ocrx_word' id='word_1_8' title='bbox 600 511 707 596; x_wconf 82' lang='lat' dir='ltr'><strong>regnis</strong></span> <span class='ocrx_word' id='word_1_9' title='bbox 723 507 927 596; x_wconf 85' lang='lat' dir='ltr'><strong>praeferenda</strong></span> <span class='ocrx_word' id='word_1_10' title='bbox 942 509 1053 576; x_wconf 88' lang='lat' dir='ltr'><strong>existi-</strong></span> 
     </span>
     <span class='ocr_line' id='line_1_3' title="bbox 110 610 1052 699; baseline 0.004 -23"><span class='ocrx_word' id='word_1_11' title='bbox 110 623 228 678; x_wconf 86' lang='lat' dir='ltr'><strong>metur.</strong></span> <span class='ocrx_word' id='word_1_12' title='bbox 272 611 371 678; x_wconf 85' lang='lat' dir='ltr'><strong>Unde</strong></span> <span class='ocrx_word' id='word_1_13' title='bbox 393 623 498 698; x_wconf 88' lang='lat' dir='ltr'><strong>patet,</strong></span> <span class='ocrx_word' id='word_1_14' title='bbox 524 615 622 699; x_wconf 81' lang='lat' dir='ltr'><strong>quim</strong></span> <span class='ocrx_word' id='word_1_15' title='bbox 645 615 803 680; x_wconf 78' lang='lat' dir='ltr'><strong>immeriti</strong></span> <span class='ocrx_word' id='word_1_16' title='bbox 829 610 903 680; x_wconf 85' lang='lat' dir='ltr'><strong>Rex</strong></span> <span class='ocrx_word' id='word_1_17' title='bbox 929 612 1052 681; x_wconf 89' lang='lat' dir='ltr'><strong>Gallia-</strong></span> 
     </span>
     <span class='ocr_line' id='line_1_4' title="bbox 111 720 1051 806; baseline 0.003 -23"><span class='ocrx_word' id='word_1_18' title='bbox 111 741 183 784; x_wconf 89' lang='lat' dir='ltr'><strong>rum</strong></span> <span class='ocrx_word' id='word_1_19' title='bbox 207 720 495 806; x_wconf 73' lang='lat' dir='ltr'><strong><em>primogenituram</em></strong></span> <span class='ocrx_word' id='word_1_20' title='bbox 523 721 684 786; x_wconf 73' lang='lat' dir='ltr'><strong>Ecclesia</strong></span> <span class='ocrx_word' id='word_1_21' title='bbox 709 722 771 786; x_wconf 91' lang='lat' dir='ltr'><strong>sibi</strong></span> <span class='ocrx_word' id='word_1_22' title='bbox 799 731 946 806; x_wconf 75' lang='lat' dir='ltr'><strong>usurpat,</strong></span> <span class='ocrx_word' id='word_1_23' title='bbox 977 722 1051 804; x_wconf 91' lang='lat' dir='ltr'><strong>(nisi</strong></span> 
     </span>
     <span class='ocr_line' id='line_1_5' title="bbox 111 825 1051 913; baseline 0.003 -21"><span class='ocrx_word' id='word_1_24' title='bbox 111 836 221 892; x_wconf 68' lang='lat' dir='ltr'><strong>mmen</strong></span> <span class='ocrx_word' id='word_1_25' title='bbox 243 825 438 892; x_wconf 86' lang='lat' dir='ltr'><strong>Pontificum</strong></span> <span class='ocrx_word' id='word_1_26' title='bbox 460 827 660 892; x_wconf 85' lang='lat' dir='ltr'><strong>concessioni</strong></span> <span class='ocrx_word' id='word_1_27' title='bbox 688 829 786 892; x_wconf 75' lang='lat' dir='ltr'><strong>maeri</strong></span> <span class='ocrx_word' id='word_1_28' title='bbox 815 829 954 912; x_wconf 82' lang='lat' dir='ltr'><strong>insistat)</strong></span> <span class='ocrx_word' id='word_1_29' title='bbox 976 852 1051 913; x_wconf 90' lang='lat' dir='ltr'><strong>quae</strong></span> 
     </span>
     <span class='ocr_line' id='line_1_6' title="bbox 110 928 1050 1023; baseline 0.004 -25"><span class='ocrx_word' id='word_1_30' title='bbox 110 934 200 998; x_wconf 90' lang='lat' dir='ltr'><strong>omni</strong></span> <span class='ocrx_word' id='word_1_31' title='bbox 214 935 290 1019; x_wconf 86' lang='lat' dir='ltr'><strong>jure</strong></span> <span class='ocrx_word' id='word_1_32' title='bbox 313 935 453 998; x_wconf 87' lang='lat' dir='ltr'><strong>debetur</strong></span> <span class='ocrx_word' id='word_1_33' title='bbox 470 935 639 1020; x_wconf 86' lang='lat' dir='ltr'><strong>Lougorio</strong></span> <span class='ocrx_word' id='word_1_34' title='bbox 654 928 705 1001; x_wconf 90' lang='lat' dir='ltr'><strong>II.</strong></span> <span class='ocrx_word' id='word_1_35' title='bbox 728 935 909 1014; x_wconf 87' lang='lat' dir='ltr'><strong>Hiberniae,</strong></span> <span class='ocrx_word' id='word_1_36' title='bbox 938 938 1009 1023; x_wconf 83' lang='lat' dir='ltr'><strong>regi</strong></span> <span class='ocrx_word' id='word_1_37' title='bbox 1031 961 1050 1002; x_wconf 92' lang='lat' dir='ltr'><strong>a</strong></span> 
     </span>
     <span class='ocr_line' id='line_1_7' title="bbox 110 1039 1050 1129; baseline 0.002 -23"><span class='ocrx_word' id='word_1_38' title='bbox 110 1039 145 1106; x_wconf 88' lang='lat' dir='ltr'><strong>S.</strong></span> <span class='ocrx_word' id='word_1_39' title='bbox 167 1041 312 1106; x_wconf 89' lang='lat' dir='ltr'><strong>Patricio</strong></span> <span class='ocrx_word' id='word_1_40' title='bbox 334 1042 557 1107; x_wconf 88' lang='lat' dir='ltr'><strong>Hibernorum</strong></span> <span class='ocrx_word' id='word_1_41' title='bbox 580 1041 741 1128; x_wconf 89' lang='lat' dir='ltr'><strong>Apostolo</strong></span> <span class='ocrx_word' id='word_1_42' title='bbox 766 1044 940 1129; x_wconf 77' lang='lat' dir='ltr'><strong>baptisato,</strong></span> <span class='ocrx_word' id='word_1_43' title='bbox 963 1045 1050 1108; x_wconf 87' lang='lat' dir='ltr'><strong>circa</strong></span> 
     </span>
     <span class='ocr_line' id='line_1_8' title="bbox 109 1144 1050 1235; baseline 0.005 -26"><span class='ocrx_word' id='word_1_44' title='bbox 109 1144 176 1209; x_wconf 89' lang='lat' dir='ltr'><strong>An.</strong></span> <span class='ocrx_word' id='word_1_45' title='bbox 193 1145 317 1212; x_wconf 88' lang='lat' dir='ltr'><strong>Christi</strong></span> <span class='ocrx_word' id='word_1_46' title='bbox 337 1148 411 1212; x_wconf 89' lang='grc'><strong>428.</strong></span> <span class='ocrx_word' id='word_1_47' title='bbox 435 1147 531 1235; x_wconf 77' lang='lat' dir='ltr'><strong>longi</strong></span> <span class='ocrx_word' id='word_1_48' title='bbox 551 1160 626 1214; x_wconf 89' lang='lat' dir='ltr'><strong>ante</strong></span> <span class='ocrx_word' id='word_1_49' title='bbox 642 1149 808 1216; x_wconf 87' lang='lat' dir='ltr'><strong>Clodovaei</strong></span> <span class='ocrx_word' id='word_1_50' title='bbox 822 1149 850 1216; x_wconf 93' lang='lat'><strong>1.</strong></span> <span class='ocrx_word' id='word_1_51' title='bbox 867 1150 1050 1216; x_wconf 88' lang='lat' dir='ltr'><strong>Galliarum</strong></span> 
     </span>
     <span class='ocr_line' id='line_1_9' title="bbox 108 1253 1048 1344; baseline 0.007 -28"><span class='ocrx_word' id='word_1_52' title='bbox 108 1253 197 1338; x_wconf 85' lang='lat' dir='ltr'><strong>regis</strong></span> <span class='ocrx_word' id='word_1_53' title='bbox 208 1257 315 1338; x_wconf 88' lang='lat' dir='ltr'><strong>(quem</strong></span> <span class='ocrx_word' id='word_1_54' title='bbox 321 1257 734 1342; x_wconf 78' lang='lat' dir='ltr'><strong>primogenitumEchesiae</strong></span> <span class='ocrx_word' id='word_1_55' title='bbox 745 1280 912 1344; x_wconf 89' lang='lat' dir='ltr'><strong>perperam</strong></span> <span class='ocrx_word' id='word_1_56' title='bbox 923 1257 1048 1336; x_wconf 87' lang='lat' dir='ltr'><strong>volunt)</strong></span> 
     </span>
     <span class='ocr_line' id='line_1_10' title="bbox 107 1347 1132 1453; baseline 0.006 -29"><span class='ocrx_word' id='word_1_57' title='bbox 107 1372 267 1446; x_wconf 87' lang='lat' dir='ltr'><strong>tempora.</strong></span> <span class='ocrx_word' id='word_1_58' title='bbox 312 1365 500 1428; x_wconf 83' lang='lat' dir='ltr'><strong>Clodoroear</strong></span> <span class='ocrx_word' id='word_1_59' title='bbox 514 1365 600 1430; x_wconf 89' lang='lat' dir='ltr'><strong>enim</strong></span> <span class='ocrx_word' id='word_1_60' title='bbox 615 1388 635 1427; x_wconf 86' lang='lat' dir='ltr'><strong>a</strong></span> <span class='ocrx_word' id='word_1_61' title='bbox 650 1365 684 1429; x_wconf 85' lang='lat' dir='ltr'><strong>S·</strong></span> <span class='ocrx_word' id='word_1_62' title='bbox 700 1366 851 1452; x_wconf 77' lang='lat' dir='ltr'><strong>Remigio</strong></span> <span class='ocrx_word' id='word_1_63' title='bbox 866 1366 1047 1453; x_wconf 83' lang='lat' dir='ltr'><strong>baptisatus</strong></span> <span class='ocrx_word' id='word_1_64' title='bbox 1128 1347 1132 1358; x_wconf 47' lang='lat'><strong><em>⁵</em></strong></span> 
     </span>
     <span class='ocr_line' id='line_1_11' title="bbox 106 1465 652 1554; baseline 0.009 -23"><span class='ocrx_word' id='word_1_65' title='bbox 106 1465 228 1554; x_wconf 84' lang='lat' dir='ltr'><strong>legitur</strong></span> <span class='ocrx_word' id='word_1_66' title='bbox 243 1469 286 1534; x_wconf 88' lang='lat' dir='ltr'><strong>ad</strong></span> <span class='ocrx_word' id='word_1_67' title='bbox 301 1469 431 1536; x_wconf 91' lang='lat' dir='ltr'><strong>Annum</strong></span> <span class='ocrx_word' id='word_1_68' title='bbox 440 1471 563 1536; x_wconf 90' lang='lat' dir='ltr'><strong>Christi</strong></span> <span class='ocrx_word' id='word_1_69' title='bbox 578 1471 652 1536; x_wconf 85' lang='grc'><strong>499.</strong></span> 
     </span>
    </p>

    <p class='ocr_par' dir='ltr' id='par_1_3' title="bbox 102 1575 1046 1881">
     <span class='ocr_line' id='line_1_12' title="bbox 171 1575 1046 1668; baseline 0.001 -28"><span class='ocrx_word' id='word_1_70' title='bbox 171 1575 234 1641; x_wconf 77' lang='lat' dir='ltr'><strong>dus</strong></span> <span class='ocrx_word' id='word_1_71' title='bbox 268 1578 505 1644; x_wconf 69' lang='lat' dir='ltr'><strong>hereditariam</strong></span> <span class='ocrx_word' id='word_1_72' title='bbox 532 1588 566 1642; x_wconf 90' lang='lat' dir='ltr'><strong>et</strong></span> <span class='ocrx_word' id='word_1_73' title='bbox 585 1579 793 1646; x_wconf 77' lang='lat' dir='ltr'><strong>successionis</strong></span> <span class='ocrx_word' id='word_1_74' title='bbox 811 1583 1046 1668; x_wconf 77' lang='lat' dir='ltr'><strong>proprietatem</strong></span> 
     </span>
     <span class='ocr_line' id='line_1_13' title="bbox 105 1684 1043 1772; baseline 0.003 -26"><span class='ocrx_word' id='word_1_75' title='bbox 105 1684 240 1747; x_wconf 90' lang='lat' dir='ltr'><strong>attinet:</strong></span> <span class='ocrx_word' id='word_1_76' title='bbox 256 1685 322 1750; x_wconf 89' lang='lat' dir='ltr'><strong>duo</strong></span> <span class='ocrx_word' id='word_1_77' title='bbox 339 1686 517 1769; x_wconf 85' lang='lat' dir='ltr'><strong>spectanda</strong></span> <span class='ocrx_word' id='word_1_78' title='bbox 525 1696 635 1751; x_wconf 90' lang='lat' dir='ltr'><strong>monet</strong></span> <span class='ocrx_word' id='word_1_79' title='bbox 648 1687 792 1752; x_wconf 82' lang='lat' dir='ltr'><strong>Flalrert.</strong></span> <span class='ocrx_word' id='word_1_80' title='bbox 808 1710 840 1772; x_wconf 91' lang='lat' dir='ltr'><strong>p.</strong></span> <span class='ocrx_word' id='word_1_81' title='bbox 857 1688 908 1751; x_wconf 76' lang='lat'><strong>57.</strong></span> <span class='ocrx_word' id='word_1_82' title='bbox 926 1707 1043 1770; x_wconf 88' lang='lat' dir='ltr'><strong>nempe</strong></span> 
     </span>
     <span class='ocr_line' id='line_1_14' title="bbox 102 1790 924 1881; baseline 0.004 -28"><span class='ocrx_word' id='word_1_83' title='bbox 102 1791 210 1875; x_wconf 90' lang='lat' dir='ltr'><strong>ipsum</strong></span> <span class='ocrx_word' id='word_1_84' title='bbox 221 1791 276 1876; x_wconf 90' lang='lat' dir='ltr'><strong>jus</strong></span> <span class='ocrx_word' id='word_1_85' title='bbox 290 1790 529 1858; x_wconf 75' lang='lat' dir='ltr'><strong>haereditarium</strong></span> <span class='ocrx_word' id='word_1_86' title='bbox 545 1803 578 1858; x_wconf 91' lang='lat' dir='ltr'><strong>et</strong></span> <span class='ocrx_word' id='word_1_87' title='bbox 592 1793 704 1881; x_wconf 91' lang='lat' dir='ltr'><strong>populi</strong></span> <span class='ocrx_word' id='word_1_88' title='bbox 719 1793 924 1860; x_wconf 84' lang='lat' dir='ltr'><strong>Electionern.</strong></span> 
     </span>
    </p>

    <p class='ocr_par' dir='ltr' id='par_1_4' title="bbox 89 1886 1068 3805">
     <span class='ocr_line' id='line_1_15' title="bbox 166 1886 1043 1990; baseline 0.002 -24"><span class='ocrx_word' id='word_1_89' title='bbox 166 1900 249 1966; x_wconf 78' lang='lat' dir='ltr'><strong>dure</strong></span> <span class='ocrx_word' id='word_1_90' title='bbox 259 1886 466 1967; x_wconf 67' lang='lat' dir='ltr'><strong>haereditario</strong></span> <span class='ocrx_word' id='word_1_91' title='bbox 478 1903 582 1988; x_wconf 87' lang='lat' dir='ltr'><strong>quivis</strong></span> <span class='ocrx_word' id='word_1_92' title='bbox 591 1900 764 1980; x_wconf 88' lang='lat' dir='ltr'><strong>masculus,</strong></span> <span class='ocrx_word' id='word_1_93' title='bbox 777 1903 958 1969; x_wconf 87' lang='lat' dir='ltr'><strong>decessoris</strong></span> <span class='ocrx_word' id='word_1_94' title='bbox 968 1925 1043 1990; x_wconf 89' lang='lat' dir='ltr'><strong>pro-</strong></span> 
     </span>
     <span class='ocr_line' id='line_1_16' title="bbox 99 2008 1042 2096; baseline 0.002 -24"><span class='ocrx_word' id='word_1_95' title='bbox 99 2008 246 2096; x_wconf 87' lang='lat' dir='ltr'><strong>pinquus</strong></span> <span class='ocrx_word' id='word_1_96' title='bbox 273 2031 378 2094; x_wconf 81' lang='lat' dir='ltr'><strong>capax</strong></span> <span class='ocrx_word' id='word_1_97' title='bbox 400 2020 471 2074; x_wconf 88' lang='lat' dir='ltr'><strong>erat</strong></span> <span class='ocrx_word' id='word_1_98' title='bbox 495 2011 611 2074; x_wconf 88' lang='lat' dir='ltr'><strong>summi</strong></span> <span class='ocrx_word' id='word_1_99' title='bbox 625 2009 856 2095; x_wconf 76' lang='lat' dir='ltr'><strong>Magistratim,</strong></span> <span class='ocrx_word' id='word_1_100' title='bbox 879 2009 963 2077; x_wconf 88' lang='lat' dir='ltr'><strong>illius</strong></span> <span class='ocrx_word' id='word_1_101' title='bbox 993 2011 1042 2075; x_wconf 92' lang='lat' dir='ltr'><strong>di-</strong></span> 
     </span>
     <span class='ocr_line' id='line_1_17' title="bbox 98 2114 1044 2201; baseline 0.001 -22"><span class='ocrx_word' id='word_1_102' title='bbox 98 2116 208 2193; x_wconf 86' lang='lat' dir='ltr'><strong>tionis,</strong></span> <span class='ocrx_word' id='word_1_103' title='bbox 234 2116 327 2201; x_wconf 81' lang='lat' dir='ltr'><strong>cujus</strong></span> <span class='ocrx_word' id='word_1_104' title='bbox 351 2114 465 2200; x_wconf 87' lang='lat' dir='ltr'><strong>aliquis</strong></span> <span class='ocrx_word' id='word_1_105' title='bbox 482 2138 499 2181; x_wconf 91' lang='lat' dir='ltr'><strong>e</strong></span> <span class='ocrx_word' id='word_1_106' title='bbox 515 2115 691 2201; x_wconf 86' lang='lat' dir='ltr'><strong>majoribus</strong></span> <span class='ocrx_word' id='word_1_107' title='bbox 706 2117 829 2201; x_wconf 89' lang='lat' dir='ltr'><strong>primus</strong></span> <span class='ocrx_word' id='word_1_108' title='bbox 845 2127 915 2180; x_wconf 86' lang='lat' dir='ltr'><strong>erat</strong></span> <span class='ocrx_word' id='word_1_109' title='bbox 930 2116 1044 2181; x_wconf 66' lang='lat' dir='ltr'><strong>condi⁴</strong></span> 
     </span>
     <span class='ocr_line' id='line_1_18' title="bbox 97 2222 1040 2308; baseline 0.002 -22"><span class='ocrx_word' id='word_1_110' title='bbox 97 2235 167 2288; x_wconf 89' lang='lat' dir='ltr'><strong>tor:</strong></span> <span class='ocrx_word' id='word_1_111' title='bbox 190 2223 359 2288; x_wconf 80' lang='lat' dir='ltr'><strong>Electiorre</strong></span> <span class='ocrx_word' id='word_1_112' title='bbox 374 2231 532 2287; x_wconf 84' lang='lat' dir='ltr'><strong>tamense</strong></span> <span class='ocrx_word' id='word_1_113' title='bbox 547 2222 688 2307; x_wconf 85' lang='lat' dir='ltr'><strong>dignitas</strong></span> <span class='ocrx_word' id='word_1_114' title='bbox 702 2225 758 2286; x_wconf 90' lang='lat' dir='ltr'><strong>uni</strong></span> <span class='ocrx_word' id='word_1_115' title='bbox 774 2223 1040 2308; x_wconf 85' lang='lat' dir='ltr'><strong>adstringebatur</strong></span> 
     </span>
     <span class='ocr_line' id='line_1_19' title="bbox 96 2319 1036 2413; baseline 0.001 -19"><span class='ocrx_word' id='word_1_116' title='bbox 96 2330 140 2394; x_wconf 87' lang='lat' dir='ltr'><strong>ad</strong></span> <span class='ocrx_word' id='word_1_117' title='bbox 155 2331 233 2394; x_wconf 85' lang='lat' dir='ltr'><strong>vitae</strong></span> <span class='ocrx_word' id='word_1_118' title='bbox 255 2331 437 2407; x_wconf 86' lang='lat' dir='ltr'><strong>terminum,</strong></span> <span class='ocrx_word' id='word_1_119' title='bbox 460 2329 520 2393; x_wconf 89' lang='lat' dir='ltr'><strong>sed</strong></span> <span class='ocrx_word' id='word_1_120' title='bbox 541 2319 602 2393; x_wconf 86' lang='lat' dir='ltr'><strong>nec</strong></span> <span class='ocrx_word' id='word_1_121' title='bbox 623 2327 743 2392; x_wconf 85' lang='lat' dir='ltr'><strong>licebat</strong></span> <span class='ocrx_word' id='word_1_122' title='bbox 766 2330 804 2392; x_wconf 90' lang='lat' dir='ltr'><strong>iis</strong></span> <span class='ocrx_word' id='word_1_123' title='bbox 828 2350 930 2412; x_wconf 88' lang='lat' dir='ltr'><strong>penes</strong></span> <span class='ocrx_word' id='word_1_124' title='bbox 953 2351 1036 2413; x_wconf 86' lang='lat' dir='ltr'><strong>quos</strong></span> 
     </span>
     <span class='ocr_line' id='line_1_20' title="bbox 96 2433 1034 2524; baseline -0.002 -22"><span class='ocrx_word' id='word_1_125' title='bbox 96 2438 236 2524; x_wconf 82' lang='lat' dir='ltr'><strong>eligendi</strong></span> <span class='ocrx_word' id='word_1_126' title='bbox 265 2446 336 2502; x_wconf 88' lang='lat' dir='ltr'><strong>erat</strong></span> <span class='ocrx_word' id='word_1_127' title='bbox 364 2445 522 2522; x_wconf 86' lang='lat' dir='ltr'><strong>potestas,</strong></span> <span class='ocrx_word' id='word_1_128' title='bbox 563 2435 660 2500; x_wconf 89' lang='lat' dir='ltr'><strong>alium</strong></span> <span class='ocrx_word' id='word_1_129' title='bbox 689 2457 873 2520; x_wconf 86' lang='lat' dir='ltr'><strong>quenquam</strong></span> <span class='ocrx_word' id='word_1_130' title='bbox 902 2433 1034 2520; x_wconf 85' lang='lat' dir='ltr'><strong>eligere,</strong></span> 
     </span>
     <span class='ocr_line' id='line_1_21' title="bbox 95 2541 1037 2636; baseline -0.003 -26"><span class='ocrx_word' id='word_1_131' title='bbox 95 2545 195 2629; x_wconf 77' lang='lat' dir='ltr'><strong>quim</strong></span> <span class='ocrx_word' id='word_1_132' title='bbox 205 2544 309 2610; x_wconf 80' lang='lat' dir='ltr'><strong>ultimi</strong></span> <span class='ocrx_word' id='word_1_133' title='bbox 311 2544 508 2631; x_wconf 83' lang='lat' dir='ltr'><strong>possessoris</strong></span> <span class='ocrx_word' id='word_1_134' title='bbox 516 2553 678 2636; x_wconf 81' lang='lat' dir='ltr'><strong>patruum,</strong></span> <span class='ocrx_word' id='word_1_135' title='bbox 683 2541 837 2627; x_wconf 76' lang='lat' dir='ltr'><strong>fratrea,</strong></span> <span class='ocrx_word' id='word_1_136' title='bbox 843 2542 964 2628; x_wconf 82' lang='lat' dir='ltr'><strong>filiam,</strong></span> <span class='ocrx_word' id='word_1_137' title='bbox 980 2553 1037 2607; x_wconf 82' lang='lat' dir='ltr'><strong>aut</strong></span> 
     </span>
     <span class='ocr_line' id='line_1_22' title="bbox 95 2646 1037 2734; baseline -0.003 -18"><span class='ocrx_word' id='word_1_138' title='bbox 95 2651 194 2716; x_wconf 89' lang='lat' dir='ltr'><strong>alium</strong></span> <span class='ocrx_word' id='word_1_139' title='bbox 208 2673 226 2715; x_wconf 89' lang='lat' dir='ltr'><strong>e</strong></span> <span class='ocrx_word' id='word_1_140' title='bbox 241 2649 361 2716; x_wconf 70' lang='lat' dir='ltr'><strong>familiia</strong></span> <span class='ocrx_word' id='word_1_141' title='bbox 374 2650 612 2734; x_wconf 69' lang='lat' dir='ltr'><strong>propinquum</strong></span> <span class='ocrx_word' id='word_1_142' title='bbox 636 2648 699 2714; x_wconf 87' lang='lat' dir='ltr'><strong>hae</strong></span> <span class='ocrx_word' id='word_1_143' title='bbox 723 2646 850 2712; x_wconf 81' lang='lat' dir='ltr'><strong>servati</strong></span> <span class='ocrx_word' id='word_1_144' title='bbox 864 2649 1037 2713; x_wconf 86' lang='lat' dir='ltr'><strong>eommuni-</strong></span> 
     </span>
     <span class='ocr_line' id='line_1_23' title="bbox 94 2756 1040 2844; baseline -0.006 -20"><span class='ocrx_word' id='word_1_145' title='bbox 94 2769 145 2824; x_wconf 88' lang='lat' dir='ltr'><strong>ter</strong></span> <span class='ocrx_word' id='word_1_146' title='bbox 159 2757 243 2844; x_wconf 87' lang='lat' dir='ltr'><strong>lege,</strong></span> <span class='ocrx_word' id='word_1_147' title='bbox 267 2768 305 2822; x_wconf 91' lang='lat' dir='ltr'><strong>ut</strong></span> <span class='ocrx_word' id='word_1_148' title='bbox 326 2767 413 2822; x_wconf 89' lang='lat' dir='ltr'><strong>esset</strong></span> <span class='ocrx_word' id='word_1_149' title='bbox 426 2766 521 2822; x_wconf 82' lang='lat' dir='ltr'><strong>catate</strong></span> <span class='ocrx_word' id='word_1_150' title='bbox 534 2757 639 2821; x_wconf 82' lang='lat' dir='ltr'><strong>senior</strong></span> <span class='ocrx_word' id='word_1_151' title='bbox 653 2767 687 2822; x_wconf 89' lang='lat' dir='ltr'><strong>et</strong></span> <span class='ocrx_word' id='word_1_152' title='bbox 701 2756 878 2823; x_wconf 77' lang='lat' dir='ltr'><strong>conditione</strong></span> <span class='ocrx_word' id='word_1_153' title='bbox 894 2757 1040 2842; x_wconf 83' lang='lat' dir='ltr'><strong>dignior,</strong></span> 
     </span>
     <span class='ocr_line' id='line_1_24' title="bbox 93 2858 1068 2948; baseline -0.002 -20"><span class='ocrx_word' id='word_1_154' title='bbox 93 2865 127 2928; x_wconf 89' lang='lat' dir='ltr'><strong>in</strong></span> <span class='ocrx_word' id='word_1_155' title='bbox 141 2885 238 2948; x_wconf 89' lang='lat' dir='ltr'><strong>quem</strong></span> <span class='ocrx_word' id='word_1_156' title='bbox 250 2871 394 2948; x_wconf 88' lang='lat' dir='ltr'><strong>potestas</strong></span> <span class='ocrx_word' id='word_1_157' title='bbox 410 2858 648 2927; x_wconf 83' lang='lat' dir='ltr'><strong>conferebatur.</strong></span> <span class='ocrx_word' id='word_1_158' title='bbox 693 2861 794 2935; x_wconf 86' lang='lat' dir='ltr'><strong>Quod</strong></span> <span class='ocrx_word' id='word_1_159' title='bbox 808 2884 1033 2948; x_wconf 89' lang='lat' dir='ltr'><strong>supremorum</strong></span> <span class='ocrx_word' id='word_1_160' title='bbox 1061 2905 1068 2926; x_wconf 64' lang='lat'><em>0</em></span> 
     </span>
     <span class='ocr_line' id='line_1_25' title="bbox 93 2967 1033 3056; baseline 0 -22"><span class='ocrx_word' id='word_1_161' title='bbox 93 2991 209 3056; x_wconf 83' lang='lat' dir='ltr'><strong>regum</strong></span> <span class='ocrx_word' id='word_1_162' title='bbox 231 2967 381 3054; x_wconf 88' lang='lat' dir='ltr'><strong>exemplo</strong></span> <span class='ocrx_word' id='word_1_163' title='bbox 403 2968 608 3034; x_wconf 89' lang='lat' dir='ltr'><strong>manifestum</strong></span> <span class='ocrx_word' id='word_1_164' title='bbox 632 2969 742 3034; x_wconf 87' lang='lat' dir='ltr'><strong>reddit</strong></span> <span class='ocrx_word' id='word_1_165' title='bbox 755 2969 964 3036; x_wconf 79' lang='lat' dir='ltr'><strong>Ftohertr&#39;us:</strong></span> <span class='ocrx_word' id='word_1_166' title='bbox 987 2973 1033 3035; x_wconf 88' lang='lat' dir='ltr'><strong>sic</strong></span> 
     </span>
     <span class='ocr_line' id='line_1_26' title="bbox 93 3075 1031 3144; baseline -0.001 -2"><span class='ocrx_word' id='word_1_167' title='bbox 93 3078 180 3142; x_wconf 89' lang='lat' dir='ltr'><strong>enim</strong></span> <span class='ocrx_word' id='word_1_168' title='bbox 202 3075 313 3142; x_wconf 89' lang='lat' dir='ltr'><strong>habet.</strong></span> <span class='ocrx_word' id='word_1_169' title='bbox 367 3075 509 3142; x_wconf 89' lang='lat' dir='ltr'><strong>“Nemo</strong></span> <span class='ocrx_word' id='word_1_170' title='bbox 536 3079 578 3143; x_wconf 88' lang='lat' dir='ltr'><strong>ab</strong></span> <span class='ocrx_word' id='word_1_171' title='bbox 604 3077 747 3144; x_wconf 88' lang='lat' dir='ltr'><strong>adventu</strong></span> <span class='ocrx_word' id='word_1_172' title='bbox 772 3076 913 3142; x_wconf 88' lang='lat' dir='ltr'><strong>filiorum</strong></span> <span class='ocrx_word' id='word_1_173' title='bbox 936 3075 1031 3141; x_wconf 91' lang='lat' dir='ltr'><strong>Mile-</strong></span> 
     </span>
     <span class='ocr_line' id='line_1_27' title="bbox 92 3182 1031 3270; baseline 0 -23"><span class='ocrx_word' id='word_1_174' title='bbox 92 3185 129 3248; x_wconf 91' lang='lat' dir='ltr'><strong>sii</strong></span> <span class='ocrx_word' id='word_1_175' title='bbox 145 3183 188 3249; x_wconf 91' lang='lat' dir='ltr'><strong>ad</strong></span> <span class='ocrx_word' id='word_1_176' title='bbox 199 3205 270 3248; x_wconf 87' lang='lat' dir='ltr'><strong>eam</strong></span> <span class='ocrx_word' id='word_1_177' title='bbox 285 3183 475 3270; x_wconf 85' lang='lat' dir='ltr'><strong>dignitatem</strong></span> <span class='ocrx_word' id='word_1_178' title='bbox 499 3185 675 3269; x_wconf 86' lang='lat' dir='ltr'><strong>aspirabat,</strong></span> <span class='ocrx_word' id='word_1_179' title='bbox 697 3182 760 3247; x_wconf 89' lang='lat' dir='ltr'><strong>nisi</strong></span> <span class='ocrx_word' id='word_1_180' title='bbox 774 3183 829 3266; x_wconf 91' lang='lat' dir='ltr'><strong>qui</strong></span> <span class='ocrx_word' id='word_1_181' title='bbox 846 3183 888 3246; x_wconf 88' lang='lat' dir='ltr'><strong>ab</strong></span> <span class='ocrx_word' id='word_1_182' title='bbox 908 3204 973 3246; x_wconf 92' lang='lat' dir='ltr'><strong>uno</strong></span> <span class='ocrx_word' id='word_1_183' title='bbox 989 3205 1031 3247; x_wconf 89' lang='lat' dir='ltr'><strong>ex</strong></span> 
     </span>
     <span class='ocr_line' id='line_1_28' title="bbox 90 3290 1030 3376; baseline 0 -21"><span class='ocrx_word' id='word_1_184' title='bbox 90 3291 194 3356; x_wconf 82' lang='lat' dir='ltr'><strong>tribur</strong></span> <span class='ocrx_word' id='word_1_185' title='bbox 208 3291 312 3376; x_wconf 80' lang='lat' dir='ltr'><strong>ipsius</strong></span> <span class='ocrx_word' id='word_1_186' title='bbox 334 3290 409 3356; x_wconf 91' lang='lat' dir='ltr'><strong>filiis</strong></span> <span class='ocrx_word' id='word_1_187' title='bbox 431 3291 587 3376; x_wconf 87' lang='lat' dir='ltr'><strong>originem</strong></span> <span class='ocrx_word' id='word_1_188' title='bbox 602 3290 743 3364; x_wconf 86' lang='lat' dir='ltr'><strong>duxerit,</strong></span> <span class='ocrx_word' id='word_1_189' title='bbox 766 3300 887 3374; x_wconf 87' lang='lat' dir='ltr'><strong>praeter</strong></span> <span class='ocrx_word' id='word_1_190' title='bbox 906 3302 973 3353; x_wconf 87' lang='lat' dir='ltr'><strong>tres</strong></span> <span class='ocrx_word' id='word_1_191' title='bbox 987 3311 1030 3355; x_wconf 88' lang='lat' dir='ltr'><strong>ex</strong></span> 
     </span>
     <span class='ocr_line' id='line_1_29' title="bbox 91 3395 1028 3483; baseline 0 -20"><span class='ocrx_word' id='word_1_192' title='bbox 91 3407 232 3483; x_wconf 86' lang='lat' dir='ltr'><strong>cognato</strong></span> <span class='ocrx_word' id='word_1_193' title='bbox 254 3397 408 3482; x_wconf 85' lang='lat' dir='ltr'><strong>Lugadii,</strong></span> <span class='ocrx_word' id='word_1_194' title='bbox 433 3395 500 3461; x_wconf 88' lang='lat' dir='ltr'><strong>filio</strong></span> <span class='ocrx_word' id='word_1_195' title='bbox 528 3396 605 3474; x_wconf 87' lang='lat' dir='ltr'><strong>Ithi,</strong></span> <span class='ocrx_word' id='word_1_196' title='bbox 633 3395 799 3480; x_wconf 85' lang='lat' dir='ltr'><strong>sanguine,</strong></span> <span class='ocrx_word' id='word_1_197' title='bbox 826 3405 859 3460; x_wconf 91' lang='lat' dir='ltr'><strong>et</strong></span> <span class='ocrx_word' id='word_1_198' title='bbox 883 3417 983 3460; x_wconf 92' lang='lat' dir='ltr'><strong>unum</strong></span> <span class='ocrx_word' id='word_1_199' title='bbox 1009 3421 1028 3463; x_wconf 91' lang='lat' dir='ltr'><strong>e</strong></span> 
     </span>
     <span class='ocr_line' id='line_1_30' title="bbox 89 3501 1029 3590; baseline -0.001 -21"><span class='ocrx_word' id='word_1_200' title='bbox 89 3504 187 3590; x_wconf 89' lang='lat' dir='ltr'><strong>plebe</strong></span> <span class='ocrx_word' id='word_1_201' title='bbox 208 3526 268 3588; x_wconf 89' lang='lat' dir='ltr'><strong>per</strong></span> <span class='ocrx_word' id='word_1_202' title='bbox 292 3526 393 3569; x_wconf 84' lang='lat' dir='ltr'><strong>annos</strong></span> <span class='ocrx_word' id='word_1_203' title='bbox 417 3503 510 3569; x_wconf 89' lang='grc'><strong>1447.</strong></span> <span class='ocrx_word' id='word_1_204' title='bbox 541 3504 584 3571; x_wconf 89' lang='lat' dir='ltr'><strong>ed</strong></span> <span class='ocrx_word' id='word_1_205' title='bbox 607 3501 640 3568; x_wconf 90' lang='lat' dir='ltr'><strong>S.</strong></span> <span class='ocrx_word' id='word_1_206' title='bbox 665 3501 798 3567; x_wconf 87' lang='lat' dir='ltr'><strong>Patricii</strong></span> <span class='ocrx_word' id='word_1_207' title='bbox 826 3501 1029 3587; x_wconf 89' lang='lat' dir='ltr'><strong>appulsum.’&#39;</strong></span> 
     </span>
     <span class='ocr_line' id='line_1_31' title="bbox 91 3609 1027 3698; baseline 0.001 -21"><span class='ocrx_word' id='word_1_208' title='bbox 91 3611 267 3677; x_wconf 90' lang='lat' dir='ltr'><strong>Christiani</strong></span> <span class='ocrx_word' id='word_1_209' title='bbox 282 3611 401 3677; x_wconf 88' lang='lat' dir='ltr'><strong>deinde</strong></span> <span class='ocrx_word' id='word_1_210' title='bbox 415 3633 510 3698; x_wconf 83' lang='lat' dir='ltr'><strong>reges</strong></span> <span class='ocrx_word' id='word_1_211' title='bbox 525 3633 567 3678; x_wconf 87' lang='lat' dir='ltr'><strong>ex</strong></span> <span class='ocrx_word' id='word_1_212' title='bbox 583 3609 651 3676; x_wconf 89' lang='lat' dir='ltr'><strong>solo</strong></span> <span class='ocrx_word' id='word_1_213' title='bbox 666 3609 767 3676; x_wconf 92' lang='lat' dir='ltr'><strong>Nielli</strong></span> <span class='ocrx_word' id='word_1_214' title='bbox 782 3610 883 3695; x_wconf 85' lang='lat' dir='ltr'><strong>Regis</strong></span> <span class='ocrx_word' id='word_1_215' title='bbox 907 3612 1027 3678; x_wconf 89' lang='lat' dir='ltr'><strong>semine</strong></span> 
     </span>
     <span class='ocr_line' id='line_1_32' title="bbox 91 3717 1036 3805; baseline 0.002 -21"><span class='ocrx_word' id='word_1_216' title='bbox 91 3717 267 3804; x_wconf 79' lang='lat' dir='ltr'><strong>regnirunt</strong></span> <span class='ocrx_word' id='word_1_217' title='bbox 287 3718 419 3805; x_wconf 75' lang='lat' dir='ltr'><strong>to..per</strong></span> <span class='ocrx_word' id='word_1_218' title='bbox 440 3741 541 3786; x_wconf 86' lang='lat' dir='ltr'><strong>annos</strong></span> <span class='ocrx_word' id='word_1_219' title='bbox 558 3719 632 3786; x_wconf 85' lang='lat'><strong>590.</strong></span> <span class='ocrx_word' id='word_1_220' title='bbox 649 3720 691 3786; x_wconf 89' lang='lat' dir='ltr'><strong>ad</strong></span> <span class='ocrx_word' id='word_1_221' title='bbox 707 3718 771 3785; x_wconf 91' lang='lat' dir='ltr'><strong>An.</strong></span> <span class='ocrx_word' id='word_1_222' title='bbox 789 3717 912 3785; x_wconf 86' lang='lat' dir='ltr'><strong>Christi</strong></span> <span class='ocrx_word' id='word_1_223' title='bbox 927 3721 1036 3800; x_wconf 82' lang='grc' dir='ltr'><strong>1202;Ι</strong></span> 
     </span>
    </p>

    <p class='ocr_par' dir='ltr' id='par_1_5' title="bbox 710 3829 770 3892">
     <span class='ocr_line' id='line_1_33' title="bbox 710 3829 770 3892; baseline -0.017 0"><span class='ocrx_word' id='word_1_224' title='bbox 710 3829 770 3892; x_wconf 73' lang='lat' dir='ltr'><strong>ni</strong></span> 
     </span>
    </p>
   </div>
   <div class='ocr_carea' id='block_1_3' title="bbox 0 0 1210 4292">
    <p class='ocr_par' dir='ltr' id='par_1_6' title="bbox 0 0 1210 4292">
     <span class='ocr_line' id='line_1_34' title="bbox 0 0 1210 4292; baseline 0 8"><span class='ocrx_word' id='word_1_225' title='bbox 0 0 1210 4292; x_wconf 95' lang='lat' dir='ltr'><strong> </strong></span> 
     </span>
    </p>
   </div>
  </div>
 </body>
</html>
