2412 4292
477 315 656 366 utnnnnta.

115 632 157 678 na
171 631 269 692 noco,
284 629 369 692 erra,
383 633 427 679 nr
442 633 692 696 incurramus,
707 632 815 680 annm
830 633 1017 681 uramara.

159 761 290 832 Insulas
313 762 393 830 alias
408 765 441 828 in
457 763 591 831 Oceano
605 775 699 832 natas
715 763 805 850 (licit
826 765 902 832 rari)
925 776 962 832 ut
984 767 1042 835 dn·

97 879 172 940 cent
193 869 268 950 Icti)
292 869 383 950 alias,
407 869 458 938 vel
480 881 576 938 terrae
597 883 698 951 motu,
721 872 773 938 vel
793 872 893 940 maris
915 883 999 940 aestu
1021 897 1042 940 a

96 977 339 1045 continentibus
361 977 487 1045 arulam
502 1001 597 1046 nemo
611 1002 677 1046 non
693 981 793 1046 novit.
840 981 894 1046 Sic
916 991 1041 1048 veteres

95 1081 267 1161 naccam,
281 1083 378 1173 vulgo
387 1083 603 1172 Negroaont,
615 1097 711 1154 terrae
724 1097 817 1154 motu
832 1110 851 1152 a
866 1089 1042 1156 continenti

99 1188 242 1257 Graeeiae
271 1200 453 1276 separatam
482 1191 625 1258 tradunt.
684 1192 755 1258 Imo
785 1191 871 1260 ovid
900 1192 956 1262 lib.
989 1193 1038 1260 15.

95 1291 236 1364 Metam.
248 1297 450 1379 quarundam
465 1295 646 1362 Insularum
669 1321 689 1364 a
712 1299 890 1365 continenti
912 1321 1041 1386 separa-

95 1400 218 1468 tionem
232 1399 283 1468 his
297 1401 444 1468 versibus
460 1401 612 1468 ostendit.

13 1637 15 1650 ’
96 1625 118 1657 “
133 1618 294 1690 Leucada
308 1622 494 1690 continuam
509 1632 636 1688 veteres
650 1620 796 1688 habuire
813 1621 941 1702 Coloni,

137 1725 238 1794 Nunc
261 1726 346 1797 lreta
374 1729 601 1797 circumeunt:
635 1727 755 1796 Zancle
770 1750 900 1814 quoque
924 1728 1039 1816 juncta

182 1835 286 1902 fuisse
402 1887 408 1897 .

139 1940 273 2007 Dicitur
288 1939 401 2020 Italiae,
417 1942 521 2009 donec
537 1943 678 2009 confinia
692 1954 814 2029 pontus

138 2047 301 2130 Abstulit,
317 2061 351 2116 et
364 2051 471 2120 media
486 2049 633 2120 tellurem
648 2052 792 2140 reppulit
808 2051 929 2119 unda.’'

97 2267 214 2340 Claud.
225 2265 501 2360 quoquedeRnp.
513 2267 665 2359 Proserp.
682 2269 822 2336 Siciliam
831 2268 929 2337 fuisse
938 2267 1040 2334 ltalia

97 2386 227 2462 partem
241 2375 348 2448 docet.

441 2599 463 2630 “
479 2594 649 2663 Trinacria
664 2591 827 2678 quondam

140 2703 245 2772 ltaliae
259 2724 335 2790 pars
350 2725 415 2768 nna
429 2701 510 2784 fuit;
535 2703 592 2768 sed
607 2711 727 2786 pontus
741 2711 774 2766 et
790 2712 889 2766 aestus

140 2811 315 2880 Mutinae
329 2810 427 2876 situm
443 2830 450 2872 :
472 2810 561 2896 rupit
577 2807 715 2874 confinia
730 2806 860 2876 Nereus

140 2919 269 3001 Victor,
284 2927 318 2984 et
331 2916 493 2982 abscissos
508 2914 654 2984 interluit
668 2936 799 3000 aequore
813 2916 970 2983 montes.”

98 3133 145 3204 Et
160 3133 305 3221 quamvis
326 3132 390 3200 hoc
414 3131 510 3198 etiam
525 3133 567 3198 de
582 3133 745 3200 Hibernia
760 3133 824 3197 dici
838 3131 953 3217 possit,
968 3140 1038 3198 uto

99 3243 294 3328 quibusdam
321 3240 529 3327 Geographis
553 3241 726 3306 etiamnum
752 3239 890 3306 dicitur:
913 3246 1038 3302 certum

97 3361 208 3420 tamen
224 3360 287 3430 est,
298 3371 342 3416 ex
356 3348 570 3416 monumentis
586 3371 605 3412 a
619 3348 795 3434 majoribus
808 3345 901 3410 nobis
916 3343 1037 3412 relictis

98 3467 131 3527 ot
147 3479 208 3543 per
230 3479 343 3526 manus
366 3455 504 3536 traditis,
519 3455 723 3531 Hiberniam,
751 3475 816 3518 non
839 3449 941 3518 solum
962 3463 1037 3518 ante

98 3574 131 3634 et
156 3573 233 3652 poet
257 3562 413 3631 diluvium
435 3560 577 3628 Insulam
592 3561 765 3640 extitisse3
793 3559 905 3626 versun
930 3561 1037 3642 etiam,

99 3673 295 3753 hominibus,
310 3682 385 3742 ante
400 3681 433 3742 ct
447 3669 561 3743 recens
575 3680 662 3756 poet,
684 3667 897 3740 inhabitatam
911 3667 1011 3736 tuisse
1027 3693 1036 3748 5
