2440 4292
188 293 229 356 92
257 265 275 300 ⁰
564 315 745 366 arsamus.

188 462 253 528 aiii.
271 461 304 530 S.
321 465 357 531 S.
376 465 542 535 Aricinam
555 480 590 536 at
615 470 776 536 Coidocaa
788 449 993 532 Morinorum
1008 447 1135 550 Apost.

189 572 251 636 vici
267 571 399 641 Alcuiu.
415 575 597 644 Malbranc.
609 589 643 643 et
658 577 748 643 alios.
764 575 799 642 S.
815 571 967 641 Furaoeua
982 572 1137 640 Latinia-

190 679 294 742 ceusis
310 678 444 746 Caenob.
461 680 627 760 fundator,
643 691 700 746 aut
715 679 804 746 certis
819 689 1031 744 restaurator.
1052 675 1138 741 Vid.

192 782 274 849 Bed.
291 785 445 853 LibaIII.
461 787 550 855 Hist.
566 787 657 856 Eccl.
673 787 771 875 Angl.
790 785 865 852 Lib.
882 782 1013 850 XXIV.
1030 805 1058 850 c·
1076 781 1133 858 80,

191 893 252 958 &c-
269 893 330 960 &c-
374 894 407 958 S.
423 896 566 982 Elphiuc
580 895 721 982 Martyr,
739 917 842 982 prope
856 891 990 958 Tullum
1004 889 1140 956 Leuco-

192 1019 264 1062 rum
287 999 447 1087 (tempore
460 1013 508 1069 -et
527 1005 625 1090 jussu
644 1001 768 1068 Juliani
789 999 971 1088 Apostatae)
996 1017 1073 1064 cum
1090 995 1146 1060 31·

193 1105 458 1194 sociisMartyrio
467 1111 638 1176 coronatis.
653 1107 732 1176 Vid.
748 1109 877 1175 Ferrar.
892 1108 936 1173 ad
954 1105 995 1171 14
1009 1101 1136 1169 Octob.

192 1208 359 1296 Cratepol.
382 1212 424 1278 de
450 1214 486 1279 S.
510 1215 545 1280 S.
572 1213 767 1282 Germanica.
818 1213 931 1278 Usser.
961 1213 995 1277 in
1017 1208 1137 1274 Indice

193 1313 349 1382 Chaonol.
374 1319 417 1384 ad
441 1343 514 1386 ann.
541 1321 616 1388 362.
662 1318 801 1405 Rupert.
827 1319 917 1384 Abb.
931 1315 1078 1383 Tuticus.
1101 1317 1138 1380 in

193 1424 264 1508 ejus
286 1423 352 1490 vitia
374 1427 463 1513 apud
487 1427 617 1494 Surium
639 1427 682 1492 ad
709 1427 758 1492 16.
774 1425 874 1491 Octb.
898 1425 998 1510 quam
1021 1421 1137 1508 plures

193 1527 274 1594 alios
296 1531 410 1596 missos
433 1531 527 1611 facio,
550 1543 627 1598 tunc
652 1532 728 1617 quia
749 1552 817 1596 non
841 1539 917 1595 sunt
938 1529 1036 1613 hujus
1050 1526 1137 1592 loci:

194 1647 272 1702 tunc
287 1639 384 1704 etiam
393 1640 531 1706 maximia
540 1641 631 1726 qubd
641 1640 714 1705 haec
724 1661 785 1725 per
797 1648 1003 1704 transennam
1011 1635 1066 1700 hic
1078 1634 1139 1698 ad-

193 1742 345 1821 scribam,
369 1755 405 1809 ut
420 1746 492 1810 orbi
505 1746 657 1811 universo
673 1755 800 1830 pateret
815 1765 955 1830 quorum
970 1742 1139 1808 Scotorum
1165 1783 1167 1787 -

195 1869 271 1912 cum
283 1848 388 1914 Gallis
402 1851 602 1918 Commercia
615 1863 649 1918 et
663 1851 790 1917 foedera
802 1850 879 1916 olim
894 1847 1139 1914 intercesserint

195 1967 230 2020 et
239 1969 474 2044 consequenter
489 1958 679 2025 fraudulosa
688 1957 904 2024 B'uchannani
912 1956 1068 2043 figmenta
1079 1956 1139 2020 de-

196 2074 388 2150 tegerentur
402 2089 444 2133 ex
458 2090 534 2153 quo,
544 2067 632 2133 velut
647 2063 778 2132 crimine
794 2067 836 2131 ab
847 2088 913 2131 uno
925 2065 1014 2130 disce
1026 2085 1140 2128 omnes

196 2170 293 2235 Scoto
306 2171 510 2240 Britannicos
523 2172 718 2260 Scriptores,
727 2185 792 2239 tam
803 2174 918 2251 nostri,
933 2193 1030 2258 quam
1042 2193 1141 2256 supe-

196 2277 290 2342 rioris
305 2279 376 2357 aevi,
385 2281 443 2364 qui
457 2280 544 2346 inani
554 2280 760 2346 homonimiae
773 2277 1014 2365 amphibologia
1028 2299 1139 2344 rerum

197 2395 381 2450 nostrarum
395 2386 530 2472 gloriam
556 2389 619 2454 sibi
640 2410 794 2480 arrogare
816 2387 936 2452 frustra
962 2395 1141 2460 conantur;

197 2503 311 2558 contra
332 2516 370 2560 ac
393 2493 542 2562 fecerunt
556 2495 815 2582 praedecessores
829 2517 950 2560 eorum.
1002 2491 1051 2557 Ut
1073 2514 1141 2558 non

192 2602 355 2668 'immerito
365 2603 524 2689 ejusmodi
538 2604 643 2692 fungi,
659 2604 748 2690 apud
764 2625 897 2690 sagaces
912 2611 1062 2668 auctores
1077 2622 1141 2686 pro

199 2708 356 2794 Mythicis
380 2709 586 2775 habeantur:
616 2732 676 2776 nec
704 2710 928 2796 benigniorem
953 2717 1143 2772 mereantur

198 2813 298 2880 fidem
313 2816 412 2898 quam
420 2817 590 2901 AEgyptiae
605 2812 977 2891 Manetheonistabulae,
986 2824 1023 2878 ut
1039 2833 1143 2899 appo-

200 2920 263 2986 site
285 2919 425 2985 advertit
441 2920 585 2987 Flahert.
608 2923 676 2988 Sed
696 2945 735 2988 ea
758 2933 834 2988 sunt
859 2934 1044 3006 temporum
1067 2943 1144 2985 nos-

200 3039 324 3096 trorum
345 3028 436 3109 vitia,
458 3040 494 3093 ut
516 3028 548 3092 in
570 3029 694 3116 origine
709 3029 936 3115 antiquitatem
950 3037 985 3093 et
998 3028 1032 3092 in
1046 3026 1144 3091 mori-

202 3137 265 3200 bus
281 3135 457 3202 novitatem
473 3135 578 3221 quivis
594 3134 736 3212 affectet,
751 3136 875 3221 quippe

354 3271 376 3304 “
388 3264 486 3331 AEtas
502 3263 692 3344 Parentum,
708 3265 802 3351 pejor
816 3263 897 3328 Avis
917 3261 991 3328 tulit

383 3371 456 3438 Nos
470 3371 677 3457 Nequiores:
700 3393 776 3436 mox
791 3370 927 3435 daturos

387 3477 582 3566 Progeniem
596 3476 822 3544 vitiosiorem.”

205 3602 424 3670 Nihilominus
440 3616 547 3670 tamen
562 3606 648 3670 inter
661 3605 751 3690 ipsos
765 3601 861 3670 etiam
881 3602 1054 3668 modernos
1070 3605 1148 3672 Sco-

205 3707 454 3776 tosEdmundus
462 3709 591 3795 Hoyus,
604 3732 679 3776 oum
689 3707 823 3774 Radero
834 3707 994 3792 ejusmodi
1006 3709 1149 3794 pseudo·
