2438 4308
17 2014 21 2220 l

19 2237 23 2448 Ι

479 407 658 456 urrunnu.
997 387 1041 451 53

266 563 314 626 12.
340 560 567 640 Csusnsusrs,
584 559 672 626 Dist.
688 561 717 628 1.
735 561 817 648 Cap.
833 564 866 626 2.

160 689 183 722 “
200 685 287 762 Quae
303 687 467 770 (videlicet
484 687 658 772 Hibernia)
679 688 802 773 quanto
823 711 843 754 a
867 699 988 754 stetero
1006 693 1041 753 et

61 823 64 830 =
97 795 259 860 communi
273 796 353 861 orbe
367 805 526 861 terrerum
542 804 676 872 semota,
697 804 732 860 et
745 796 838 880 quasi
854 793 937 862 alter
950 797 1039 862 orbis

99 917 169 962 esse
188 899 411 986 dignosciturs
448 901 540 966 tanto
566 902 667 967 rebus
690 901 886 984 quibusdum
915 913 1041 969 usturae

99 1007 209 1071 cursui
229 1008 413 1093 incognitis,
439 1010 533 1093 qussi
550 1006 721 1095 peculiaris
746 1008 893 1093 ejusdem
917 1023 1043 1076 usturae

99 1107 285 1192 thesaurus,
308 1116 365 1181 ubi
378 1115 517 1201 insignia
530 1126 565 1182 et
576 1116 835 1202 pretiosiortsui
850 1127 976 1184 secretu
991 1141 1042 1184 re-

101 1221 261 1300 posuerit,
280 1243 352 1286 esse
367 1221 526 1288 videtur.”

299 1440 348 1506 13.
369 1441 465 1523 Item,
479 1440 567 1507 Dist.
583 1437 646 1506 111.
667 1439 750 1526 Cap.
774 1439 827 1508 10.

168 1570 191 1603 “
202 1565 412 1634 Metellorum
423 1589 553 1656 quoque
565 1567 766 1634 diversorum
778 1587 910 1654 genero,
925 1567 1045 1651 quibus

105 1693 194 1738 veuoe
208 1673 390 1740 scaturiunt
402 1675 582 1769 interiores,
609 1673 755 1760 ejusdem
770 1673 941 1739 otiositatis
956 1674 1045 1754 vitio,

104 1797 164 1844 nec
178 1780 221 1847 ud
232 1789 327 1846 usum
338 1781 513 1866 prodeunt,
525 1801 586 1848 nec
600 1779 806 1868 proliciunt.”

321 1997 504 2077 Lousonn,
518 1998 599 2085 Cep.
613 2000 645 2079 9,
668 1999 842 2065 comment.
882 2009 885 2020 '

171 2131 194 2162 “
206 2124 293 2194 Sunt
301 2125 355 2192 hic
370 2135 404 2192 et
417 2124 549 2210 quidem
558 2126 701 2212 copiose,
716 2125 886 2192 minerslis
899 2122 1048 2214 plurima,

109 2243 144 2299 ut
159 2245 331 2321 argentum
344 2233 462 2311 vivum,
477 2231 617 2312 alumen,
631 2233 803 2314 vitriolum‚
824 2233 973 2320 sulphur,
993 2255 1050 2299 sn-

110 2340 295 2420 timonium
316 2340 381 2406 iuro
395 2351 430 2405 et
439 2338 569 2407 metallo
582 2341 615 2406 in
628 2363 688 2408 suo
702 2356 842 2434 quaeque
858 2364 976 2428 genere
992 2342 1050 2408 sd·

111 2448 242 2514 modum
254 2443 473 2534 praestantin.”

295 2666 345 2734 14.
370 2665 550 2746 Lounsnn,
566 2667 725 2760 ,locojam
740 2666 853 2732 citato.
962 2741 969 2754 ¹
1030 2636 1036 2649 ι

175 2793 281 2860 “Est
303 2805 337 2860 et
350 2794 404 2862 hic
430 2795 525 2882 copis
546 2816 753 2874 marmorum,
773 2803 808 2860 et
821 2772 893 2860 lrtec
918 2791 1053 2878 triplicis

25 2945 26 2954 1
110 2901 301 2988 plerumque
316 2902 455 2987 generis,
471 2924 599 2988 nempe,
615 2899 801 3002 caeruleuru,
816 2899 938 2982 elbum,
953 2911 987 2964 et
1002 2899 1050 2962 ni-

221 3007 238 3034 η

28 3153 32 3254 t

113 3031 218 3094 grum.

180 3120 231 3182 16.
256 3120 277 3151 “
287 3113 351 3179 Est
361 3113 458 3180 etism
472 3112 683 3185 Alulrnstrum
696 3115 729 3179 in
745 3108 989 3200 septentrionali
1004 3131 1055 3174 re-

114 3223 255 3310 regionis
270 3221 395 3308 parte.⁸’
437 3221 538 3288 Idem.

179 3331 230 3398 17.
253 3328 333 3396 “Et
347 3330 459 3394 tamin
473 3329 544 3394 istis
566 3325 698 3394 conchis
713 3325 811 3412 quim
826 3325 859 3389 in
876 3323 1052 3400 littoribus,

115 3438 226 3506 multae
255 3437 460 3525 inveniuntur
486 3435 686 3520 Margaritae,
713 3454 756 3499 ex
785 3431 906 3517 quibus
931 3430 1057 3514 aliquot

114 3547 223 3634 magni
251 3545 329 3609 tatis
352 3543 460 3628 pretii,
483 3539 560 3608 licet
585 3562 652 3606 non
674 3531 757 3604 tslrti
781 3539 846 3606 sint
870 3535 1052 3624 splendoris
1083 3613 1084 3616 Ἴ

116 3655 213 3741 quern
227 3673 302 3738 quae
314 3671 357 3715 ex
372 3649 509 3714 Oriente
519 3644 890 3722 adseruntur.”-Idem,
904 3665 977 3728 cap.
993 3643 1026 3708 9.
