2440 4292
429 359 603 406 ursanum.
954 337 1017 404 115

15 571 16 600 ,
76 509 175 574 2776.
198 507 255 574 Ab
269 509 380 576 AEnea
395 511 549 578 Latinum
565 534 712 578 socerum
728 511 917 578 defunctum
930 512 1017 577 exci-

15 609 16 638 ¹
228 611 349 701 piente,
368 619 439 682 158.

74 723 174 788 3801.
196 723 299 802 Item;
315 737 389 789 ante
398 723 629 810 Carthaginem
640 727 724 790 inter
735 723 917 792 Getulosin
925 721 1014 789 Airi-

229 853 276 895 cae
287 831 358 908 ora,
380 855 399 895 a
414 831 546 896 Didone
560 843 594 897 et
610 831 821 898 Phoenicibus
837 829 1012 908 laudatam,

234 937 301 1002 133.

73 1046 173 1110 3197.
197 1045 286 1109 Ante
295 1043 410 1109 Romae
425 1045 585 1110 cunabula
600 1068 641 1110 ex
657 1044 867 1111 Varronianis
884 1043 1010 1110 Palilib.

227 1151 300 1214 263.

15 1347 16 1358 ἵ
71 1259 171 1323 3949.
194 1256 282 1322 Ante
297 1267 395 1342 caput
409 1259 503 1324 AErae
518 1259 720 1337 Christianae,
739 1259 831 1325 1015.

15 1401 17 1522 p
70 1365 170 1429 4381.
194 1362 283 1428 Ante
298 1364 333 1429 S.
346 1365 487 1430 Patrict'i
501 1364 742 1452 Apostolatum,
760 1365 853 1432 1447.
912 1443 916 1452 ι
1000 1371 1004 1380 ’

136 1556 228 1622 Ecce
243 1557 397 1643 Ephocas
419 1559 600 1623 notissimas
624 1575 667 1624 ac⁴
680 1557 874 1624 certissimas
890 1557 1008 1640 quibus

15 1621 17 1734 l
72 1661 396 1732 ScotoHitemaam
425 1687 467 1730 ex
488 1664 658 1751 Hispania
685 1665 719 1728 in
740 1662 933 1728 Hiberniam
953 1663 1010 1726 mi-

70 1772 176 1857 gratio
205 1769 290 1836 Ann.
316 1771 532 1850 Mnaseas,
560 1794 580 1836 a
605 1769 650 1836 D.
680 1771 847 1836 Flaltertio
871 1770 1007 1834 exactis·

72 1878 150 1944 sime
171 1878 382 1963 consignatur
397 1899 434 1942 ac
457 1879 707 1955 demonstratur,
723 1877 786 1942 vid.
802 1897 878 1963 pag.
894 1876 946 1956 84,
962 1878 1010 1963 ip·

15 2001 17 2126 p
71 1988 136 2052 sius
156 1985 297 2071 ogygia
310 1995 443 2050 exterae.

15 2129 16 2152 r
133 2090 252 2168 Porro,
270 2090 380 2156 Duces
403 2091 558 2178 pracipui
579 2087 768 2159 Hibernicae
792 2091 1008 2177 expeditionis

70 2221 111 2262 ex
124 2195 291 2282 Hispaniis
312 2209 405 2262 erant
426 2219 563 2262 numero
584 2198 638 2275 40,
665 2221 707 2264 ex
729 2199 847 2284 quibus
863 2199 1008 2264 Hebertrs

15 2339 16 2344 κ
68 2309 165 2372 Dona
188 2315 262 2370 octo
276 2303 411 2369 fratrum
427 2303 554 2369 Milesii
568 2303 744 2389 Hispanici
758 2303 909 2380 filiorum,
928 2313 1008 2366 natu

68 2413 181 2498 major,
192 2421 226 2476 et
237 2407 392 2476 Herimon
401 2409 539 2474 fratrum
550 2408 756 2495 penultimus,
765 2408 835 2473 aliis
847 2408 1005 2482 omnibus,

68 2531 104 2582 ut
113 2530 148 2583 et
159 2519 317 2582 universae
331 2515 426 2581 classi
441 2515 654 2600 praefuerunt,
664 2516 768 2580 donee
778 2512 877 2578 littori
889 2534 1006 2596 appro-

68 2625 275 2710 pinquantes,
288 2621 522 2688 Danannarum
546 2622 679 2698 viribus,
698 2625 750 2701 (an
765 2617 870 2704 magici
884 2619 1005 2703 potius,

69 2742 103 2794 ut
118 2728 217 2814 vulgo
235 2729 384 2808 traditur)
400 2728 524 2814 repulsi
548 2738 581 2794 et
597 2728 709 2792 oceani
723 2723 926 2792 inclementia
941 2725 1006 2794 dis-

68 2839 155 2920 persi
166 2836 307 2903 fuerint?
332 2835 463 2920 quidam
479 2836 575 2902 etiam
589 2845 780 2921 tempestate
796 2834 905 2900 obruti
919 2834 1008 2919 peri-

68 2945 131 3009 ere.
147 2941 266 3008 Portus
282 2953 388 3008 tamen
404 2943 539 3027 sparsim
553 2965 613 3027 per
627 2939 769 3008 Insulam
784 2941 917 3010 tenuere
932 2939 1006 3006 reli·

66 3053 132 3135 qui,
141 3050 332 3134 levibusque
343 3048 502 3114 hincinde
511 3049 629 3135 praeliis
642 3051 817 3114 commissis
827 3048 1004 3114 Danannas

66 3159 263 3234 invaserunt,
274 3178 339 3222 non
351 3166 572 3239 opresserunt,
586 3156 691 3221 donec
700 3157 841 3230 tandem,
853 3155 1004 3239 conjunc·

65 3267 106 3330 tis
125 3265 265 3340 viribus·
284 3264 388 3348 inquit
405 3261 598 3340 Flahertius,
614 3286 688 3348 pag.
714 3264 765 3326 83.
788 3261 830 3325 ad
841 3259 954 3324 Talten
969 3261 1003 3324 in
1056 3253 1058 3264 '

66 3370 182 3450 Midia,
208 3371 443 3437 Danannarum
470 3381 600 3455 gentem
626 3367 760 3454 singulis
785 3368 889 3433 tribus
919 3368 1003 3454 regi·

65 3479 138 3556 bus,
164 3481 247 3562 (tum
271 3481 355 3544 enim
381 3489 447 3542 tres
475 3488 568 3542 erant
595 3475 725 3552 fratres,
751 3474 853 3539 ultirni
870 3472 1002 3539 Danan-

66 3607 178 3650 narum
211 3607 316 3672 reges,
358 3583 538 3650 alternatim
576 3582 762 3668 regnantes)
804 3578 1001 3666 singulorum
1120 3637 1121 3640 ,

66 3692 259 3757 advenarum
288 3692 435 3771 fratrum,
476 3691 608 3768 scilicet,
636 3685 866 3766 Hateri-Fica,
889 3685 1002 3780 Amer-
1100 3723 1102 3730 ι

62 3801 141 3884 glai,
171 3811 205 3864 et
234 3795 417 3866 Herimonis
453 3799 539 3864 ferro
573 3796 776 3873 cadentibus
803 3791 1000 3860 memorabili
