2440 4292
496 351 671 398 murm.
990 335 1048 399 101

116 511 244 588 gentem
254 501 348 588 cujus
358 503 637 588 potentisGraecis
653 515 808 591 suspectu
820 514 924 585 esset3
939 525 1051 592 quam-
1077 512 1081 521 ’

116 613 229 678 obrem
242 633 300 676 eos
320 612 353 676 in
375 612 563 677 servitutem
583 611 752 700 redegere,
774 614 859 680 odeo
879 628 918 680 ut
932 625 1052 681 terrum

115 715 260 802 quotidie
273 715 417 782 effodere
432 716 605 784 debuerint
619 726 653 785 et
667 719 702 783 in
718 719 821 785 saccis
842 719 997 785 coriaceis
1009 721 1052 784 ud

118 823 250 902 inculta,
281 837 424 910 petrosa,
452 835 487 891 et
513 825 635 890 steribs
662 824 735 893 loce
762 828 839 894 inde
867 828 1054 895 transferre.

118 931 200 998 Tam
216 933 308 999 durae
323 933 485 1000 servitutis
493 933 698 1019 impatientes
708 933 896 1013 Simoniani,
911 937 1053 1020 acceptis

118 1042 220 1106 saccis
235 1050 269 1105 et
282 1041 452 1120 uxoribus,
466 1039 659 1106 Graecorum
672 1061 771 1106 neres
779 1039 893 1106 furtim
903 1061 1056 1106 conscen-

116 1149 206 1227 dere,
231 1159 267 1214 et
286 1149 373 1236 fuge
393 1147 562 1214 consulere
585 1159 779 1234 coeperunt3
802 1157 901 1233 utque
924 1149 1000 1214 inde
1020 1147 1055 1212 iu

119 1253 322 1332 Hiberniam,
337 1255 424 1321 unde
439 1253 585 1340 Majores
599 1275 713 1320 eorum
731 1263 806 1320 ente
827 1254 952 1340 egressi
968 1265 1054 1330 sunt,

119 1373 337 1440 revertuntur,
362 1383 412 1427 an.
438 1385 459 1427 a
478 1373 583 1428 morte
601 1361 769 1456 Nenetbii
789 1361 866 1442 out,
886 1385 909 1427 ι
925 1361 1057 1428 Diluvio

119 1481 228 1534 sutem
242 1469 317 1536 8⁵7.
345 1469 391 1535 Et
404 1471 481 1555 quis
494 1491 605 1536 soccos
619 1471 794 1556 portabunt
802 1471 949 1555 flrbolg,
963 1471 1058 1556 qussi

120 1577 285 1662 Soccigeri
299 1577 378 1644 dicti
392 1589 481 1657 sunt,
490 1579 550 1645 sed
557 1577 742 1644 Flsbertius
752 1576 887 1663 Firbolg
898 1579 1058 1662 interpre-

122 1691 210 1746 tatur
234 1681 320 1748 viros
344 1682 483 1769 Belgas:
514 1683 605 1769 quod
626 1682 698 1748 haec
722 1681 857 1748 Colonia
884 1703 928 1748 ex
944 1681 1060 1767 Belgis

121 1785 323 1870 potissimum
343 1800 516 1888 constaret.
561 1789 625 1856 eui
650 1801 685 1856 et
706 1791 769 1878 egb
791 1812 857 1856 uon
874 1791 993 1856 inritus
1008 1814 1059 1855 ss·

116 1895 243 1960 sentior
264 1907 390 1981 utpote,
411 1897 468 1984 qui
482 1896 635 1984 perlectis
648 1909 682 1964 et
694 1899 895 1985 ponderetis,
915 1920 989 1985 quse
1003 1921 1060 1963 cx-

22 2015 23 2068 t
115 2013 221 2081 stent,
258 2005 350 2090 regni
387 2005 645 2092 antiquitatibus,
680 2029 763 2092 opus
798 2029 892 2074 suum
928 2007 1057 2085 edidit3

119 2130 223 2195 quere
246 2109 360 2178 relicti
378 2113 627 2180 Nemethiorum
655 2112 803 2196 Colonid,
829 2116 872 2182 sit
895 2137 969 2181 cum
983 2113 1057 2180 Flu-

124 2217 239 2284 hcrtio.
782 2223 785 2230 '

23 2477 24 2524 i
143 2435 187 2482 ns
208 2435 461 2498 rrunouuonuu,
484 2417 853 2496 senescentum
869 2435 1037 2480 urserunt

512 2541 669 2590 concurr.

181 2691 342 2759 Ducentis
357 2693 460 2772 annis,
474 2693 580 2778 inquit
598 2691 795 2771 blahertius,
810 2691 831 2758 it
844 2691 941 2758 muris
956 2692 1059 2770 rubri,

125 2799 200 2866 hinc
215 2799 423 2888 indulgentis,
446 2799 534 2866 illinc
548 2801 746 2888 indignantis
762 2798 924 2888 prodigio,
944 2799 1064 2866 Amno-

126 2930 203 2972 num
227 2906 332 2984 initia,
359 2917 393 2972 et
411 2904 588 2993 Belgarum
614 2907 649 2971 iu
671 2905 864 2973 Hiberniam
891 2909 1066 2975 adventum

125 3013 225 3080 refert
250 3035 366 3101 poema
391 3012 655 3101 chronologicum
675 3013 890 3081 Hibernicum
911 3015 1001 3100 quod
1021 3015 1066 3078 sic

126 3122 251 3208 incipit.
879 3127 882 3134 ’

175 3337 348 3404 Soeclorum
367 3337 511 3418 Annales
525 3337 653 3402 deducit
667 3337 710 3402 ab
725 3337 855 3422 origiue
868 3333 995 3400 Mundi.

190 3485 306 3572 Itaque
330 3483 477 3571 Firbolg,
502 3505 560 3552 seu
580 3481 705 3570 Belgae,
724 3483 821 3569 juxta
838 3482 929 3549 illum
944 3483 1069 3568 (contra

129 3618 165 3660 uc
177 3592 326 3680 vulgares
341 3592 444 3656 nostri
458 3591 643 3676 Antiquarii
657 3589 817 3669 statuunt)
833 3588 946 3675 lingui
961 3602 994 3654 et
1006 3591 1069 3655 ori-

128 3707 201 3788 gine
238 3702 258 3766 i
287 3697 468 3766 Nemctlsiis
503 3698 659 3778 distincti,
688 3718 731 3763 ex
764 3697 1069 3782 septentrionalibus
