2412 4292
555 315 730 366 niernum.

209 947 608 1085 emorrannum,
639 1003 700 1072 nr
731 999 1095 1072 succussronnm

217 1147 221 1154 ·
255 1132 611 1202 uonnnnonnu
631 1132 808 1202 nauum
829 1130 1043 1199 Ausum.

554 1330 746 1344 ffl-

537 1479 722 1546 Notamlum
736 1480 766 1544 I.

245 1628 496 1694 Etrzaurcrntrr
524 1627 641 1694 Jacobi
670 1626 698 1693 Ι.
718 1628 817 1694 filiam
841 1628 992 1696 traditam
1021 1627 1125 1693 fuisse

183 1735 358 1801 Frederico
376 1735 420 1800 V.
444 1733 589 1800 Electori
612 1733 760 1799 Palatino
785 1746 818 1800 et
841 1735 928 1821 Regi
944 1733 1125 1811 Bohemiae,

183 1839 341 1928 Hyemola‘
356 1842 462 1918 dict03
486 1862 559 1926 quae
573 1852 694 1926 praeter
709 1839 788 1905 alios
803 1839 934 1918 multos,
946 1841 1011 1925 ipsi
1026 1862 1128 1927 pepe-

182 1951 226 2014 rit
241 1948 393 2014 Carolum
409 1948 623 2026 Ludovicum,
641 1943 849 2024 Edwardum,
865 1958 899 2012 et
914 1947 1082 2032 Sophiam.

249 2053 385 2118 Carolus
401 2052 589 2118 Ludovicus
615 2054 647 2136 (a
669 2063 771 2118 morte
797 2054 898 2137 patris
913 2051 1047 2118 Elector
1070 2076 1129 2138 pa-

183 2160 315 2243 latinus)
351 2160 464 2246 genuit
501 2158 703 2224 Charlottam
741 2157 977 2237 Elizabetham,
1020 2159 1128 2224 Ducis

184 2265 429 2354 Aurelianensis
446 2268 479 2350 2.
502 2288 649 2347 uxorem,
668 2288 712 2332 ex
728 2265 794 2352 quai
807 2266 929 2354 prodiit
944 2263 1130 2352 Philippus,

185 2375 270 2440 Dux
286 2374 509 2452 carnutensis,
524 2396 611 2440 nunc
625 2373 878 2441 Aurelianensis.
1114 2459 1117 2464 Δ

252 2488 413 2553 Praefatus
449 2487 527 2553 vero
557 2486 743 2564 Edwardus
773 2486 868 2551 duxit
896 2485 995 2550 filiam
1024 2485 1132 2554 Ducis

187 2595 353 2662 Niverniae
367 2598 400 2660 in
416 2595 527 2661 Gallia
539 2620 546 2660 :
570 2597 663 2686 eujus
678 2593 746 2659 filia
760 2594 941 2660 Benedicta
955 2591 1133 2660 Henrietta

188 2701 376 2787 Philippina
386 2704 497 2788 nupsit
511 2702 534 2766 J
536 2703 632 2767 oanni
645 2701 820 2766 Frederico
831 2700 921 2766 Duci
936 2701 1133 2767 Brunsvico·

189 2809 434 2894 Luneburgico,
459 2820 493 2874 et
515 2811 611 2874 enixa
634 2820 685 2874 est
708 2808 914 2874 Charlottam
932 2808 1134 2878 Felicitatem

188 2918 363 2982 Daciarum
385 2917 618 2996 Mutinensem,
645 2928 679 2981 et
704 2914 947 2983 Wilhelminam
971 2917 1134 2984 Amulium

189 3023 283 3090 Rom.
299 3023 452 3108 reginam.
1066 3005 1070 3012 ¹

255 3127 379 3216 Sophia
402 3117 510 3194 autem
534 3130 633 3215 supra
659 3133 833 3208 nominata,
857 3129 982 3198 elocata
996 3130 1059 3197 fuit
1074 3129 1137 3197 Er-

191 3248 286 3302 nesto
315 3236 470 3324 Augusto
500 3237 669 3324 Episcopo
705 3239 962 3326 Osnabrugensi,
999 3240 1138 3305 «Ioannis

191 3339 358 3412 Frederici
395 3345 500 3411 Ducis
530 3345 952 3433 Brunsvico·Luncburgici
980 3345 1074 3412 fratri
1104 3357 1138 3411 et

190 3447 327 3528 haeredi,
339 3472 413 3536 quae
424 3451 486 3536 ipsi
501 3453 630 3538 peperit
642 3451 822 3537 Georgium
832 3451 1036 3518 Ludovicum
1050 3452 1140 3537 prin·

193 3557 298 3643 cipem
326 3557 568 3626 haereditarium
595 3558 732 3645 Georgii
757 3560 918 3646 Augustis
942 3570 975 3624 et
1005 3559 1139 3646 Sophiae

192 3657 372 3730 Dorotheae
395 3665 604 3752 genitorem:
628 3665 889 3734 Maximiliauum
909 3663 1140 3770 Wilhelmum,
