2440 4292
141 321 185 387 84
521 335 698 384 nrnaanrr.

141 492 210 560 filio
224 501 259 560 et
273 492 390 559 Noemi
404 491 570 578 adnepoti,
587 491 693 577 primo
708 486 932 554 Hibernorum
948 483 1084 563 Satori.)

142 598 306 676 Secunda,
337 597 469 664 Milesio
494 596 675 683 Hispanico
701 593 880 662 Pharaonis
907 590 1002 678 sing
1030 590 1083 656 vel

140 707 303 774 Nectimni
329 705 473 772 Genero.
526 701 693 771 Flahertio
715 712 821 768 tamen
840 698 903 766 hac
925 700 959 763 in
986 707 1082 784 parte

140 811 233 879 multi
262 811 435 888 dissident,
468 824 507 878 ut
532 801 612 876 aunt
633 807 852 885 cambrensis,
878 804 1081 882 Bruoffinus,

141 930 254 988 auctor
282 919 356 984 vitae
379 916 412 982 S·
435 915 563 982 Cadroe
593 913 682 1001 apud
704 911 884 996 Colgannm
906 921 940 976 et
965 919 1082 974 auctor

140 1027 214 1092 vitae
230 1021 265 1090 S.
279 1022 400 1090 Albani
413 1023 465 1088 his
479 1021 596 1088 verbis.
619 1020 676 1086 Ab
690 1021 788 1086 Ibero
800 1017 938 1106 flumine
958 1015 1085 1080 Hiber-

140 1130 194 1194 nia
208 1140 361 1196 vocaturr
386 1128 474 1194 Secti
490 1125 600 1191 venii
615 1125 714 1192 Scotd
728 1135 830 1190 matre
841 1122 988 1208 ejusdem
1000 1142 1081 1207 gen·

141 1238 193 1315 tis,
208 1236 276 1302 filia
297 1235 401 1322 Regis
422 1233 581 1320 AEgppti.
637 1232 732 1298 Idem
756 1231 859 1296 habet
880 1227 1081 1297 scholiastes

140 1343 214 1408 vitae
230 1339 266 1408 S.
280 1339 412 1406 Patricii
434 1337 523 1424 apud
539 1333 729 1422 Colganum.
768 1335 942 1414 Patricius,
953 1335 1081 1421 inquit,

140 1445 341 1531 praedicabat
356 1443 472 1521 Scotia,
487 1442 523 1507 id
534 1458 585 1506 est
596 1441 766 1519 Hibernis,
781 1442 837 1525 qui
848 1440 933 1507 Secti
949 1441 1083 1505 aScotd

140 1552 208 1618 filia
221 1552 401 1618 ‘Pharaonis
414 1551 518 1638 Regis
533 1549 674 1642 AEgypti
687 1549 903 1616 nominantur.
948 1547 994 1613 Et
1005 1548 1091 1612 sub-.
1213 1573 1214 1584 ¹

141 1661 191 1727 dit
204 1681 281 1725 mox
295 1657 447 1726 laudatus
469 1667 582 1724 auctor
597 1658 680 1722 sirae
700 1653 735 1722 S.
753 1653 882 1722 Albani.
904 1653 1082 1728 Quomodo

142 1769 183 1833 de
196 1767 344 1853 AEgypto
356 1767 429 1852 ipsa
438 1766 526 1830 venit
537 1765 581 1830 ad
592 1763 786 1844 Hiberniam
799 1763 966 1831 brevitatis
981 1763 1083 1832 causi

141 1875 334 1940 omittimus:
358 1875 435 1959 quia
460 1873 620 1939 invenitur
642 1873 684 1938 de
704 1870 759 1938 illia
771 1873 805 1937 in
819 1870 922 1951 libris,
939 1873 994 1958 qui
1009 1895 1084 1938 nar-

141 1992 235 2059 rant3
258 1979 421 2065 quomodo
445 1979 479 2042 in
504 1979 615 2064 primis
638 1979 840 2064 temporibus
862 1979 1009 2045 habitata
1031 1991 1084 2044 est

140 2085 311 2153 Hibernia.
356 2085 589 2170 Idamqpoque
601 2087 699 2151 sentit
713 2096 861 2152 vetustus
876 2099 989 2152 auctor
997 2085 1084 2152 Mel-

142 2193 265 2258 munius
278 2191 519 2272 Fathaniensis,
534 2191 640 2278 quiin
655 2191 743 2260 hunc
758 2215 888 2260 sensum
901 2191 1083 2260 Hibernice

145 2301 279 2368 cecinit:

227 2426 326 2494 Unde
342 2427 539 2494 Godcloram
550 2429 710 2497 referatur
721 2432 823 2518 origo,
841 2435 1017 2500 canamus?

228 2538 262 2602 A
262 2538 359 2624 senio
362 2537 474 2622 fenios
489 2538 606 2620 dictos,
624 2538 803 2625 Gallosque
820 2537 946 2604 Godelo
956 2565 968 2602 :

228 2643 261 2709 A
271 2645 367 2710 Scato
381 2637 489 2710 Sestos
503 2666 555 2710 res
571 2657 622 2710 est
633 2645 815 2711 manifesta.

207 2774 331 2840 Verum
344 2772 395 2837 his
409 2784 442 2838 et
454 2773 522 2838 aliis
538 2773 694 2840 siniilibus
713 2774 807 2840 facile
822 2773 998 2860 respondet
1008 2773 1083 2840 Fla-

143 2881 278 2957 hertius,
294 2879 443 2970 dicendo,
469 2890 608 2956 utente,
635 2880 765 2946 Sectam
789 2879 875 2947 illam
898 2883 942 2947 sio
961 2883 1081 2960 vocari,

143 2987 232 3076 quod
244 2987 362 3052 Scotici
376 2986 503 3072 generis
514 2987 628 3052 marito
644 2999 766 3075 enupta
781 2988 896 3054 fuerit:
912 3011 978 3055 non
993 3011 1083 3066 vero,

143 3096 232 3182 quod
243 3106 340 3162 antea
356 3093 402 3158 sic
417 3105 597 3159 vocaretur.
622 3093 700 3160 Huc
715 3095 849 3161 inclinat
865 3095 901 3162 P.
918 3094 1084 3181 Colganus
1159 3139 1164 3148 „

143 3215 265 3280 noster,
288 3201 345 3287 qui
363 3200 397 3264 in
419 3201 504 3264 notis
525 3199 676 3265 advitam
689 3200 722 3265 S.
737 3201 865 3267 Cedros
875 3202 947 3267 haec
962 3201 1083 3266 habet:

54 3325 59 3334 ⁸
144 3310 264 3398 optime
280 3311 383 3374 nostri
397 3310 515 3396 psalm
532 3305 679 3374 Historia
694 3310 826 3375 tradunt
844 3311 948 3397 ipsam
968 3331 1086 3395 nempe

146 3419 285 3491 Scotum,
294 3414 473 3480 Pharaonis
488 3413 585 3479 filiam
595 3412 744 3500 satyram
753 3415 862 3503 potius
872 3431 1087 3502 cognomento

103 3577 105 3583 ,
146 3523 166 3586 ai
184 3523 249 3585 suis
266 3521 355 3607 prius
378 3520 571 3607 appellatam
584 3520 695 3600 fuisse,
713 3525 788 3609 quia
802 3547 918 3610 nempe
932 3524 1086 3610 Schytico

145 3629 261 3693 marito
275 3637 395 3714 praeter
409 3628 523 3713 patriae
549 3630 817 3694 consuetudinem
837 3628 951 3695 fuisset
966 3630 1087 3696 tradita

147 3746 181 3801 et
195 3746 309 3820 postea
331 3745 547 3820 cognomento
568 3733 714 3801 nonnihil
729 3736 906 3822 depravato
921 3737 954 3802 in
969 3758 1087 3802 nomen
