2438 4308
219 304 261 370 ⁷0
361 389 365 400 ι
429 367 431 374 ,
597 321 775 378 erasurus.

261 477 316 544 Sic
330 473 431 545 vetui
444 471 576 556 oblitus,
598 474 721 552 Caesar,
736 472 877 558 Iberque
891 470 977 542 fuit?
1119 474 1164 536 52

217 583 380 652 Praeteriti
395 583 523 650 demum
534 584 672 650 Riswied
685 582 720 646 in
734 603 815 668 pace
829 580 947 658 fuistis,

261 693 404 759 Serratae
418 691 482 758 hoc
496 691 637 778 pretium
650 688 826 776 relligionis
840 689 933 754 erat?

218 799 405 868 Dsserudre
419 808 530 884 patres
544 811 654 864 natam
668 797 702 862 iu
716 795 900 866 discrimine
914 795 1047 874 mortis;

260 906 412 986 Interim,
424 905 524 983 rides,
540 903 685 970 Hoeresis
700 913 781 982 atra,
792 923 875 970 meo.
1120 905 1166 968 56

219 1013 333 1080 Prisca
353 1012 437 1078 fides
452 1009 542 1090 nulli,
557 1009 637 1076 nulli
650 1008 777 1096 relligio
788 1031 877 1076 curae
891 1018 960 1088 est;

262 1121 309 1186 Et
324 1131 360 1186 tu
372 1141 458 1186 nunc
473 1117 605 1184 dubitas
621 1117 722 1182 tristis
737 1115 833 1183 lerna
847 1117 952 1199 morit

217 1225 394 1294 Nobilibus
409 1221 486 1292 solis
500 1223 562 1290 fuit
577 1223 609 1288 Ο
623 1224 799 1290 communis
810 1221 949 1300 Ibernia,

262 1333 295 1401 Ο
305 1332 536 1418 nuncquisqus
549 1330 646 1416 gerit,
660 1327 756 1415 quale
771 1329 853 1396 sedi
868 1328 901 1396 O
912 1329 1076 1394 miserum.
1118 1331 1167 1395 60

188 1476 193 1486 ·
220 1442 252 1507 Ο
267 1441 419 1506 miserum
433 1460 467 1504 se
482 1439 619 1524 quisque
628 1446 733 1513 vocet,
749 1457 809 1504 nec
821 1431 1046 1504 nomeulbero

261 1547 412 1635 Amplius
427 1545 556 1612 alluvio
566 1545 669 1632 jactet
684 1544 780 1610 lerna
794 1565 898 1610 suum.

219 1656 318 1723 Unde
331 1676 411 1741 ergo
426 1652 565 1739 quaeris?
588 1651 737 1718 desumat
747 1672 865 1716 nomen
878 1651 921 1718 ab
935 1650 1002 1730 Iro,

260 1764 336 1830 Irata
350 1761 435 1827 enim
448 1781 534 1826 nunc
544 1770 606 1836 est,
618 1758 768 1843 quisquis
780 1756 896 1826 Iemus
910 1767 990 1824 erat.
1117 1758 1165 1821 64

220 1868 399 1936 Posteritas
413 1867 511 1945 audi3
527 1864 631 1932 scelus
642 1865 839 1932 exhorresce
853 1863 1050 1944 nefandum

261 1973 403 2040 Victima
417 1971 572 2058 subjectis
586 1971 664 2038 Rea
678 1971 777 2036 modb
790 1971 895 2038 factus
910 1982 990 2038 erat.

220 2081 296 2152 Rex
310 2079 372 2145 fuit
387 2079 524 2145 omissus
539 2077 684 2146 Riraoa'oa
699 2079 733 2144 in
747 2100 828 2166 pace
842 2078 1000 2157 «lacobus,

262 2188 309 2253 Et
322 2198 359 2253 tu
373 2208 461 2254 nuuc
475 2186 619 2264 dubitas,
632 2185 732 2252 tristis
744 2186 851 2265 lerna,
865 2187 971 2253 mori?
1117 2187 1162 2249 68

220 2298 304 2373 Quis
319 2296 599 2362 credatmemores
613 2291 725 2360 ulcisci
739 2295 870 2360 crimina
881 2293 997 2372 Divos,

263 2405 300 2472 Si
315 2413 426 2474 teneat
440 2425 553 2468 socero
564 2402 677 2469 debita
691 2411 823 2488 sceptra
835 2402 964 2488 geber?

219 2514 341 2600 Acylla
352 2513 379 2578 si
390 2509 488 2599 pulso
500 2511 601 2597 gestit
613 2509 735 2576 furiosa
746 2506 929 2574 Monarchd

260 2619 463 2706 Insultstque
478 2617 672 2698 meia,.facta
687 2617 829 2702 superba
842 2614 944 2684 malis.
1113 2617 1159 2682 72

218 2731 298 2796 Rex
311 2727 447 2804 Jacobe,
463 2709 545 2792 lates
558 2735 597 2790 et‘
607 2747 669 2810 ego
684 2724 869 2792 discrimina
883 2723 917 2788 in
930 2723 1003 2802 isto,

259 2835 400 2902 Victima
414 2831 565 2910 fortunar,
579 2830 821 2916 ludibriumque
836 2829 934 2896 feror.

217 2943 282 3012 Dic
293 2940 371 3006 mibi
385 2939 464 3025 quid
476 2939 589 3018 virtus,
601 2937 663 3004 nisi
676 2959 794 3008 vanum
807 2957 924 3004 nomen
934 2947 969 3003 et
983 2938 1112 3016 umbra,

260 3049 424 3120 Virtutem
439 3047 467 3112 si
472 3046 543 3132 jam
554 3035 782 3133 praemia'nulla
795 3054 937 3114 manent.
1111 3045 1156 3112 76

218 3156 380 3227 Gaudetis
395 3155 542 3233 Lotbari,
566 3163 674 3220 restro
688 3153 772 3222 duce
786 3173 866 3239 pace
881 3173 1023 3232 reverso,

261 3265 338 3333 Sola
352 3285 414 3352 ego
429 3261 572 3328 Riraoa’od
582 3275 663 3346 pace
675 3258 788 3328 relicta
799 3269 927 3346 queror.

218 3373 370 3458 Principe
392 3365 557 3436 Willelmo
571 3389 658 3434 nunc
671 3366 795 3453 gaudet
812 3365 961 3454 Orongic
981 3387 1111 3454 magno,

262 3479 415 3564 Solaego
430 3471 655 3561 eruicapace
665 3473 778 3540 relicta
793 3495 923 3559 queror.
1112 3474 1158 3540 80

219 3587 367 3659 Oblitind
382 3587 446 3651 mei
460 3605 613 3672 proceres
628 3585 661 3650 iu
675 3603 757 3671 pace
772 3582 924 3650 fuerunt!

260 3699 314 3764 Sic
328 3691 450 3761 nullum
464 3694 564 3762 movit
577 3689 752 3778 relligionis
766 3692 875 3758 amor!
