2438 4308
171 361 212 421 74
549 363 727 418 niarasis.

171 527 334 593 Punicum
349 524 430 592 etin
445 545 516 592 sese
531 533 612 609 quot
624 519 748 588 claudit
763 522 885 586 semina
898 519 1030 602 malum,
1212 509 1213 584 i

214 632 283 698 Tot
298 653 407 697 secum
421 616 972 717 boecpcrtantreminabellamali.
1072 628 1118 692 20

171 737 264 807 Hinc
278 737 432 824 illincque
446 747 564 824 parant
579 758 650 802 sese
666 737 734 801 duo
748 733 883 800 fulmina
895 734 984 814 belli,

215 847 324 913 Ambo
338 847 405 913 duo
419 845 528 932 magui
538 844 677 910 maxima
687 841 773 910 bella
787 853 913 929 gerent.

177 957 402 1039 Gibbosaeque
416 962 570 1031 tremunt,
583 952 679 1017 motis
692 950 857 1016 radicibus
871 949 985 1038 Alpes,

219 1062 266 1127 Et
277 1063 331 1127 vix
342 1061 525 1126 Holdandca
536 1059 675 1145 aequoris
687 1055 777 1123 unda
791 1057 883 1144 tegit.
1072 1059 1119 1123 24.

177 1167 268 1236 Lilia
283 1167 311 1230 si
321 1175 428 1231 rostro
442 1162 563 1230 laceret
576 1161 599 1230 J
602 1163 670 1228 ovis
685 1161 840 1249 Armiger
854 1163 922 1228 ales

221 1271 349 1339 Gallica
363 1272 541 1358 sanguineo
555 1269 646 1334 Lilia
659 1290 733 1335 rore
748 1267 861 1334 fluent.

176 1382 244 1449 Sed
257 1379 335 1468 vigil
349 1390 399 1445 est
417 1377 543 1457 Gallus,
559 1388 659 1444 noctu
674 1377 771 1458 canit,
793 1387 868 1442 ante
883 1377 1043 1458 volucreS,

218 1489 328 1566 Quam
342 1486 476 1573 reliquae
491 1497 636 1573 surgant,
649 1486 767 1552 Gallica
777 1486 820 1552 ad
835 1508 923 1552 arma
937 1489 1035 1553 canit.
1072 1489 1119 1552 28

179 1599 295 1664 Gallus
306 1598 349 1662 ad
364 1619 453 1662 arma
467 1597 564 1676 canit,
583 1597 647 1662 ciet
661 1596 694 1660 in
709 1615 783 1660 sera
797 1595 909 1681 praelia
923 1595 1084 1662 mundum

218 1706 346 1772 Obvius
360 1704 438 1771 buic
451 1702 486 1770 ni
499 1725 577 1770 mox
595 1702 736 1770 vasaria
749 1701 816 1767 ales
830 1713 894 1768 eat.

175 1813 322 1878 Ensibus
337 1833 416 1896 ergo
432 1811 544 1877 datum
560 1810 679 1875 strictis
691 1830 885 1893 componere
897 1809 971 1892 lites

219 1918 402 2003 Regnaque
419 1917 559 1984 crudelis
573 1917 706 2002 praemia
721 1914 839 1981 Martis
853 1928 960 1984 erunt.
1073 1922 1121 1986 32

175 2023 251 2090 Hoc
264 2045 381 2108 regum
397 2023 552 2100 studium,
567 2045 646 2089 cura
659 2022 713 2088 illa
727 2023 896 2108 potissima
908 2047 1035 2111 regum,

219 2128 291 2194 Nec
304 2150 338 2192 se
349 2129 500 2214 majores,
512 2151 571 2194 nec
584 2129 719 2194 tolerare
727 2151 840 2218 parea.

176 2235 209 2300 Ο
224 2257 342 2299 vanum
356 2235 519 2300 studium!
531 2255 626 2302 curas
642 2235 675 2300 0
687 2257 815 2324 semper
829 2239 959 2304 inanes!

217 2340 353 2407 Annon
368 2341 521 2408 mortales
534 2365 620 2409 mora
629 2343 907 2430 facitunapares.
1072 2352 1118 2418 36

175 2449 244 2516 Vix
255 2449 350 2516 armis
366 2451 482 2536 positis
495 2451 636 2540 Europa
650 2452 829 2538 quieverat,
846 2462 880 2518 et
890 2453 960 2538 jam

219 2556 346 2622 Sentiet
358 2555 537 2643 Hispanus
545 2557 660 2624 ultima
673 2569 761 2624 terra
774 2578 898 2626 munus.

177 2664 308 2730 Parcite
321 2663 407 2730 bella
423 2665 530 2751 sequi3
547 2665 644 2750 prob,
659 2687 764 2752 reges,
779 2667 903 2751 parcite
914 2667 1020 2734 bello!

219 2769 305 2836 Pace
320 2769 410 2848 dati,
420 2773 529 2836 veniet
537 2773 675 2858 regibus
682 2773 759 2838 inde
774 2773 885 2840 deuia.
1072 2778 1118 2843 40

173 2875 244 2942 Vos
259 2887 395 2963 propter
409 2888 528 2944 coeunt
539 2881 641 2958 *ecies
655 2903 808 2967 eaeccque
823 2881 932 2948 lurore

105 3023 107 3030 ι
219 2979 314 3046 Alter
328 2981 362 3046 in
376 2980 512 3049 alterius
523 2999 687 3072 praeparat
701 3009 801 3069 arma,
819 3009 949 3056 necem·-⁴

176 3088 462 3179 Christiadumque
476 3092 574 3171 acies,
587 3104 623 3158 et
642 3115 745 3180 regna
756 3097 912 3162 minusue
925 3098 1034 3184 regnis

219 3194 354 3261 Irritant
361 3197 469 3282 justos
484 3199 517 3262 in
532 3221 592 3263 sua
604 3199 722 3266 damna
737 3200 839 3268 Deos.
1070 3208 1115 3272 44

184 3301 248 3364 eh!
265 3304 526 3386 quotiesnostris
538 3319 687 3373 creseunt
698 3331 741 3373 ex
757 3311 884 3376 ossibus
900 3310 1013 3378 herbae

218 3407 292 3474 Ab!
309 3415 440 3496 quoties
451 3414 564 3482 nostrii
578 3417 671 3482 caede
683 3417 827 3483 madebit
841 3418 982 3484 humus?

175 3515 318 3600 Tingere
334 3539 415 3600 quas
430 3521 555 3604 persenit
569 3521 876 3608 nsaiwanguine,
885 3523 994 3593 lauros

217 3622 421 3691 Christicolae
436 3625 560 3694 faciunt
574 3629 664 3696 caede
680 3631 798 3696 rubere
814 3629 883 3698 suri.
1069 3634 1113 3699 48
