2438 4308
410 385 412 390 ·
492 357 669 404 urrunnu.
1010 333 1053 400 27

114 505 263 574 Forsitan
277 508 352 576 binc
368 518 515 578 statuunt
530 508 652 598 regalia
665 507 804 596 insignia
819 507 936 594 gentis.
987 505 1053 572 340

14 611 15 652 3
115 613 195 678 Arte
209 613 299 702 lyrae,
316 627 385 682 arte
397 615 472 703 pilae
488 639 569 704 gens
584 617 730 684 dextera.
774 615 911 704 Rustica
924 613 1021 680 turba

115 717 288 786 Artificum
301 721 423 810 refugit
437 723 520 789 male
536 724 614 790 sani
627 733 734 790 mente
748 723 887 789 labores.

116 825 192 892 Otia
206 827 311 913 plebis
326 818 428 910 arnor,
443 831 573 897 domino
588 841 645 896 aut
660 829 779 896 servire
794 827 932 914 potenti,

116 933 178 1000 Vel
193 957 263 1017 sua,
277 939 366 1022 quod
381 938 506 1017 melius,
522 941 679 1004 mavortia
690 938 819 1004 tradere
835 935 922 1004 bello

114 1039 264 1120 Pectora,
280 1043 375 1128 plebs
390 1047 497 1122 armis,
513 1045 599 1110 omni
613 1043 707 1132 plebs
724 1056 801 1130 apta
814 1043 929 1109 labori.
986 1041 1050 1106 345

155 1149 319 1217 Nobilitas
334 1153 482 1240 urgendo
496 1153 593 1232 feras,
608 1153 763 1240 indagine
779 1151 883 1238 sylvas

14 1337 15 1358 Χ
112 1255 293 1342 cingendo,
308 1271 364 1325 aut
377 1260 519 1327 falcones
535 1285 610 1329 aves
626 1263 779 1328 terrendo
794 1263 919 1341 timore,

14 1361 15 1432 ζ
110 1362 180 1430 Aut
194 1363 326 1452 lepores
339 1369 473 1434 canibus
488 1367 639 1436 lassando
653 1380 803 1454 tempora
818 1365 919 1445 fallit3

14 1459 15 1486 ³
109 1471 228 1538 Flectit
241 1495 343 1560 equos
358 1499 450 1562 gyro,
466 1476 518 1542 vel
531 1479 645 1542 mertia
659 1475 724 1542 tela
736 1474 866 1541 lacertis
890 1482 895 1510 ⁵

109 1576 313 1666 Contorquet
323 1582 437 1648 validis
451 1611 458 1664 ;
474 1585 598 1652 cunctis
609 1607 689 1671 gens
701 1595 778 1669 apta
788 1580 964 1668 palaestris;
983 1579 1047 1643 350

14 1739 15 1742 ,
108 1684 264 1766 Palladis,
278 1700 312 1754 et
326 1689 456 1770 Martis,
472 1693 619 1780 regique,
633 1689 773 1777 Deoque
789 1687 905 1766 fidelis,

108 1791 271 1875 Pontifici,
287 1799 486 1884 patriaeque;
508 1799 584 1866 hinc
599 1797 764 1886 relligione
778 1809 918 1863 tenaces.

149 1898 204 1965 Ne
217 1900 360 1989 linguam
375 1929 501 1991 quaeras
518 1931 525 1971 :
549 1917 599 1973 est
615 1929 714 1972 sacrae
729 1904 795 1970 filia
807 1903 928 1990 linguae

104 2007 270 2088 Proxima,
285 2034 375 2090 voce,
390 2035 481 2092 sono,
497 2015 616 2092 similia,
632 2015 806 2100 similisque
821 2013 944 2100 figuris.

103 2115 202 2182 Hanc
217 2115 288 2182 aliae
302 2129 416 2206 gentes
433 2121 546 2186 dicunt
558 2143 619 2188 nec
634 2121 782 2186 daemona
796 2141 893 2206 posse
980 2113 1044 2180 355

102 2223 255 2303 Discere,
272 2225 338 2291 sive
352 2224 452 2313 loqui.
496 2225 601 2292 Faelix
617 2227 791 2306 Hibernia,
806 2225 894 2290 faelix

102 2330 270 2420 Sacraque
284 2331 397 2419 lingua
411 2336 518 2414 nimis,
535 2335 562 2400 si
577 2331 689 2401 fabula
702 2357 779 2401 vera
793 2333 918 2399 fuisset.

145 2439 287 2504 Hiberni
301 2441 465 2526 quondam
479 2443 620 2526 propriis
639 2452 715 2506 sunt
728 2439 857 2526 legibus
872 2438 935 2515 usi,

100 2543 388 2632 Legislatoresque
404 2569 479 2611 suos
494 2542 640 2612 habuere
657 2545 779 2632 peritos

99 2651 149 2717 Et
158 2653 266 2737 justos
282 2675 387 2740 reges,
403 2651 525 2739 populo
545 2654 602 2739 qui
612 2657 702 2739 justa
716 2651 838 2718 dedere
979 2651 1043 2715 360

96 2759 184 2824 dura
199 2783 279 2826 sono
294 2763 412 2846 patrio,
428 2762 540 2848 patriis
557 2761 736 2846 scriptisve,
750 2761 886 2847 typisve.
1006 2837 1014 2846 μ

141 2867 231 2942 Quae
245 2868 336 2954 regio
351 2868 385 2932 in
399 2869 494 2932 terris
507 2878 693 2933 nostrorum
706 2869 816 2933 nescia
831 2861 972 2932 Divriml

96 2970 185 3047 Quae
199 2995 265 3038 non
281 2974 380 3039 sentit
394 2975 517 3058 opem?
561 2971 727 3038 Rumoldo
742 2970 857 3058 Belgia
872 2967 1028 3055 templum

93 3079 313 3166 Magnificum
327 3083 495 3147 extruxit:
518 3091 645 3168 patrem
659 3090 833 3146 veneratur
847 3089 881 3144 et
896 3087 976 3144 orat.

92 3187 239 3276 Luglius
252 3189 313 3256 has
327 3191 453 3275 pariter
466 3202 580 3276 gentes
596 3185 756 3267 lustravit,
772 3199 806 3254 et
820 3185 907 3252 alma
977 3185 1041 3252 365

90 3295 277 3382 Dymphna
293 3295 387 3362 Gelae
403 3296 529 3376 colitur,
546 3295 648 3362 taedas
666 3319 765 3362 exosa
779 3306 931 3381 paternas

90 3401 242 3489 Regales
258 3405 403 3488 quamvis
419 3430 426 3470 :
450 3405 559 3491 potius
575 3403 649 3470 tulit
664 3426 738 3470 esse
753 3403 899 3496 parentis

88 3507 250 3586 Victima,
266 3509 363 3593 quim
378 3508 473 3575 foedis
488 3509 611 3576 foedata
627 3508 828 3602 amplexibus
840 3529 923 3574 esce.

87 3609 213 3690 Mono,
230 3611 431 3694 Mambolus,
447 3607 552 3696 Wiro,
568 3615 777 3696 Vincentius,
794 3615 876 3684 Etto

87 3719 190 3794 Quas
205 3743 272 3788 non
285 3720 469 3791 lustrbruut
483 3734 586 3792 terras
598 3728 612 3792 t
634 3723 788 3791 miracula
803 3747 877 3809 quae
891 3745 958 3788 non
978 3721 1042 3788 370

821 3851 841 3896 s
855 3833 877 3895 2
