2438 4308
139 299 182 362 52
518 318 695 366 urrunnu·

140 478 171 536 6.
196 470 430 549 Csusasusra
442 467 529 537 Dist.
542 469 571 536 Ι.
588 471 671 556 Cap.
685 469 845 556 Septimo,
867 471 1078 560 Topograpt·

206 605 228 636 “
245 598 354 666 Lacus
370 619 500 684 quoque
519 597 687 684 plurimos,
703 609 737 664 et
751 596 1005 684 pulcherrimos,
1020 600 1091 683 pis·
1200 585 1201 592 ἵ

142 729 249 786 nosos,
285 717 319 772 et
342 706 483 792 grandes
507 727 577 792 pras
602 703 673 771 aliis
704 706 799 772 terris
825 727 907 792 quas
937 706 1090 784 vidimus,
1201 712 1202 730 ³

144 814 237 900 quasi
247 811 386 900 speciale
396 813 477 897 quid
490 813 562 878 hac
578 823 665 878 terra
680 811 838 898 profert.”

180 1019 211 1076 7.
235 1010 522 1077 Bsnrnononnnus
531 1010 720 1090 Anenrcus,
733 1007 807 1076 Lib.
818 1009 897 1076 XV.
908 1011 989 1096 Cap.
1003 1010 1057 1077 80.

208 1145 232 1178 “
245 1139 309 1206 Est
332 1150 441 1206 autem
463 1137 569 1204 insuia
584 1137 815 1204 frumentariis·
830 1139 950 1226 campis
965 1139 1093 1206 uberri-

145 1270 209 1326 ma,
224 1243 381 1327 sontibus,
395 1257 428 1311 et
442 1243 551 1310 fluviis
566 1245 699 1331 irrigua,
714 1245 817 1331 pratis
829 1256 863 1311 et
878 1246 974 1332 sylvis
989 1268 1096 1312 amoe·

150 1377 204 1435 na,
218 1354 251 1418 in
262 1349 401 1419 metallis
412 1351 567 1431 fecunda,
576 1363 610 1417 et
621 1351 837 1439 gemmifera.”

204 1558 235 1618 8.
259 1551 484 1632 Loussunus,
501 1551 584 1638 Cap.
602 1554 653 1630 11,
675 1553 843 1620 Commeat.
856 1551 995 1618 Hibern-

213 1679 354 1766 “Sylvae
375 1679 430 1746 hic
452 1690 528 1746 sunt
551 1678 671 1758 multae,
699 1691 798 1764 atqua
824 1701 963 1765 magnae,
990 1677 1035 1742 sic
1060 1687 1096 1742 et

145 1787 236 1873 ligna
258 1788 480 1874 copiosissima
506 1798 604 1872 atque
633 1787 892 1853 commodissima
920 1785 963 1850 ad
982 1785 1094 1852 omnia

40 1887 42 1890 ’
148 1895 198 1958 sui
218 1895 345 1980 generis
369 1915 479 1978 opera,
501 1904 600 1978 atque
615 1893 841 1971 instrumenta,
866 1904 900 1959 et
922 1891 964 1958 ad
988 1915 1090 1958 nares

149 1998 285 2084 quidem
306 1999 503 2064 extruendas
528 2021 682 2086 magnum
707 2000 867 2066 haetenus
893 1999 1094 2070 emolumen-

150 2116 231 2185 tum,
249 2116 347 2192 atque
362 2128 456 2170 usum
467 2105 596 2194 Angliae
612 2107 867 2193 praestitemnt.”

175 2284 183 2294 ⁵
230 2305 262 2368 9.
286 2303 467 2370 Grnsnnus
483 2304 709 2386 (lausannen,
725 2305 813 2373 Dist.
830 2305 859 2373 Ι.
877 2305 958 2392 Cap.
972 2305 1003 2370 4.

217 2439 239 2470 ‘⁶
253 2431 378 2500 Videas
392 2432 446 2498 hic
460 2433 561 2520 igitur
575 2455 673 2519 supra
687 2431 812 2500 niuntes
828 2457 929 2518 aquas
945 2446 1043 2515 stare,
1059 2437 1094 2502 in

152 2541 282 2608 summis
297 2541 380 2606 enim
396 2561 576 2620 aereorum,
601 2540 842 2626 arduorumque
861 2527 1000 2621 colliuin,
1022 2565 1096 2610 ver·

152 2650 283 2727 tieibus,
299 2659 416 2740 stagna
430 2649 574 2733 reperies
591 2658 623 2713 et
633 2645 800 2754 paludes.”

358 2829 361 2834 ¹
460 2845 509 2914 10.
530 2843 665 2912 Bararus
681 2843 796 2912 Aren.

165 3047 168 3056 ,
221 2984 242 3015 “
255 2971 411 3042 Planities
419 2971 523 3067 §bet
529 2995 590 3058 per
602 2971 674 3038 loca
685 2972 917 3058 pulcherrimas
931 2997 938 3036 ·.
950 3021 962 3042 .,
972 3021 979 3037 .
988 2975 1096 3062 giebae

154 3084 338 3174 praepingui
347 3081 503 3166 uberique
516 3080 647 3166 frugum
657 3092 828 3167 proventu,
842 3080 929 3148 foelix
938 3093 1025 3148 terra
1033 3097 1097 3164 est,

156 3206 190 3262 et
204 3191 344 3259 fecunda
359 3189 509 3276 frugibus
524 3210 610 3266 awa,
623 3207 742 3273 pecore
756 3189 909 3255 montes·”

420 3391 469 3453 11.
494 3387 652 3465 Somnus,
667 3360 820 3452 Lib.·i1t

224 3518 452 3586 “Hiberniam
476 3517 522 3581 ita
536 3513 737 3602 pabulosarn,
759 3526 795 3580 ut
813 3534 942 3599 pecora,
967 3516 1030 3580 nisi
1048 3517 1097 3580 in-

159 3631 288 3696 terdum
311 3626 474 3722 apascuis
502 3634 684 3701 arceantur,
710 3623 743 3687 in
758 3620 937 3707 periculum
957 3635 1033 3710 agat
1048 3647 1101 3690 sa·

158 3738 278 3804 tietas.”
935 3735 937 3740 ’
