2440 4292
484 291 663 339 areentur.
1009 275 1054 338 89

20 419 21 438 Χ
109 435 283 510 Praeterire
307 453 415 509 tamen
439 466 505 509 non
527 467 661 530 possum
686 445 913 526 Buohannani,
935 447 998 512 hac
1022 446 1057 510 in

110 559 215 635 parte,
235 560 300 616 tam
326 549 401 616 mali
423 549 592 630 Historici,
621 554 727 638 quam
745 553 824 618 boni
850 563 969 639 poetoe,
995 549 1057 638 tg-

105 667 228 735 menta,
255 657 375 743 quibus
399 659 565 723 modernae
590 681 657 724 suae
680 661 800 726 Sentice
828 659 1055 746 antiquitatem

107 761 206 848 longe
222 760 308 828 ultra
320 763 443 830 Christi
451 763 497 831 D.
506 764 722 833 Nativitatem
736 766 997 852 independenter
1012 765 1055 832 ab

108 869 278 948 Hibernis,
292 870 380 936 unde
396 871 459 936 orti
474 883 560 950 sunt,
576 873 713 960 profert,
731 896 769 940 ae
783 895 844 960 per
856 873 919 940 hoo
933 871 1055 938 littera·

108 977 150 1040 tis
165 977 317 1044 omnibus
330 978 496 1063 imponere
510 978 610 1044 audet
625 1005 633 1058 ;
650 978 748 1045 Enim
763 979 840 1045 verd
852 978 1056 1046 Psalmorunr
1161 1040 1164 1050 ,

20 1175 21 1192 ¹
107 1083 314 1171 paraphrasi,
328 1085 468 1151 Mariam
483 1083 654 1152 Scotorum
669 1087 833 1175 Reginam
857 1087 902 1153 sie
917 1085 1054 1173 pulchre

20 1275 21 1298 Χ
107 1190 295 1277 alloquitur.

106 1341 267 1428 Nympha
281 1341 480 1422 Caledoniae,
496 1365 570 1428 quae
585 1364 672 1410 nunc
686 1337 824 1410 feliciter
836 1365 902 1408 orae

20 1469 21 1494 ³
106 1445 226 1526 Missa,
240 1470 301 1534 per
314 1449 514 1528 innumeros,
531 1459 661 1534 sceptra
676 1449 790 1527 tueris,
808 1471 897 1523 avos,

20 1569 21 1574 ’
103 1553 182 1620 Neo
197 1553 303 1622 minuis
317 1553 453 1642 pulchre
468 1558 503 1621 in
517 1558 589 1643 ejus
603 1556 831 1643 Epithalamio
842 1557 888 1621 ita
902 1555 1003 1621 canit.

20 1665 21 1728 i
106 1661 145 1728 Si
157 1663 257 1728 series
272 1665 412 1750 generis,
428 1662 612 1751 longusque
627 1664 817 1750 propaginis
832 1662 914 1728 ordo

107 1769 298 1842 Quaeritur:
322 1770 393 1834 haec
408 1792 473 1834 una
488 1782 618 1836 centum
633 1771 676 1836 de
691 1771 792 1857 stirpe
807 1780 943 1856 nepotes

106 1875 335 1962 Sceptrigeros
350 1899 521 1943 numerare
536 1888 657 1964 potest.
682 1877 766 1943 Haec
780 1876 890 1964 Regia
905 1873 975 1942 sola
989 1883 1051 1954 est,

20 1997 21 2012 ³
107 1985 194 2058 Quae
208 1983 259 2049 bis
271 1983 355 2050 dena
367 1986 433 2050 suis
448 1984 584 2053 includit
600 1983 720 2052 saeoula
734 1984 847 2050 fastis:

105 2088 216 2154 Unica
230 2091 343 2156 vicinis
358 2092 456 2158 toties
472 2090 601 2178 pulsata
615 2091 777 2177 procellis,

104 2192 248 2258 Externi
259 2194 406 2260 immunis
422 2193 573 2262 Domini:
599 2197 820 2282 quodcunque
835 2205 1001 2261 vetustum

106 2299 273 2364 Gentibus
287 2301 320 2364 in
334 2300 479 2387 reliquis,
495 2301 546 2366 vel
559 2314 669 2367 narrat
690 2300 775 2367 fama
788 2300 841 2366 vel
854 2301 965 2376 audet,

20 2421 21 2426 ’
104 2405 246 2482 Fabula,
254 2405 408 2494 longaevis
424 2419 480 2473 aut
496 2409 635 2474 credunt
651 2407 770 2474 saecula
785 2405 904 2484 fastis,-

105 2512 188 2579 Huc
200 2536 369 2600 compone,
381 2538 499 2581 novum
513 2527 574 2582 est.

172 2661 256 2730 Haec
282 2664 414 2750 quidem
436 2675 473 2730 nt
486 2664 643 2752 praeclare
669 2665 711 2731 ab
740 2663 862 2730 eximio
887 2671 986 2750 poeta
1007 2663 1049 2730 de

105 2769 312 2836 serenissimi
325 2769 438 2856 reginis
452 2771 540 2836 dicta
563 2781 649 2853 sunt,
669 2771 715 2836 ita
736 2780 814 2835 sunt
828 2780 862 2836 et
876 2769 1049 2836 verissima.

104 2877 223 2955 Modo,
239 2889 276 2942 ut
289 2876 637 2964 loquiturFlahertius‚
648 2902 681 2966 p.
694 2884 746 2948 26.
798 2880 918 2946 Veteris
930 2877 1050 2945 Scotioe

105 3008 166 3050 seu
176 2983 359 3062 Hibernae,
382 2988 494 3053 matris
519 2998 648 3052 aetatem
670 2988 826 3054 moderna
846 2986 924 3067 fitia,
939 2985 1050 3051 Sentio

102 3113 223 3176 nempe
244 3091 442 3158 Britannica
463 3095 636 3161 adsciverit
656 3106 689 3161 et
709 3095 922 3182 perennitatis
952 3090 1050 3170 iliius,

102 3195 173 3264 filit
187 3198 282 3262 matri
294 3199 502 3278 succedente,
517 3201 752 3285 utraquefacta
762 3200 860 3266 fuerit
870 3199 1047 3283 particeps.

106 3301 178 3369 Sed
190 3324 251 3368 nec
265 3303 299 3366 in
308 3301 372 3369 hoc
387 3303 490 3370 solium
501 3307 649 3392 poeticus
659 3304 833 3373 Buchanni
847 3303 938 3370 furor
954 3303 1047 3369 sistit.

105 3412 196 3488 Quin
214 3426 255 3480 'et
281 3425 411 3482 sanctos
436 3415 513 3480 olim
541 3429 684 3495 nostros,
707 3428 742 3482 et
766 3417 866 3494 viros,
890 3412 1049 3493 doctrinis,

20 3557 22 3568 ι
103 3520 240 3605 pietate,
254 3531 288 3586 et
300 3523 396 3588 armis
409 3522 565 3603 celebres,
577 3547 637 3610 per
653 3523 778 3589 Gallias
795 3535 829 3588 et
840 3523 916 3589 alibi
931 3525 1049 3591 floren·
1098 3589 1099 3593 ,

105 3638 167 3705 tes,
197 3636 232 3692 et
247 3626 369 3694 Scotici
392 3629 524 3696 nominis
548 3639 715 3718 pretextu
740 3629 856 3716 (qualis
879 3633 912 3696 in
940 3648 1049 3696 rerum
