2438 4308
223 305 246 368 4
596 317 789 366 nauteam.

225 475 293 540 Sed
308 473 409 540 decus
424 481 458 538 et
469 471 598 552 samam,
614 491 807 560 nomenque,
819 480 854 538 et
865 471 1026 559 quidquid
1040 468 1189 537 honesti

226 582 408 658 Gessimns,
423 578 487 646 hoo
502 579 620 646 adimit
635 577 788 667 scriptun
814 580 898 645 Cum
912 580 1041 644 nomine
1052 577 1191 643 Scotus

227 688 333 752 Gesta
349 687 421 765 sibi,
432 687 592 768 attribuit,
603 687 862 772 Sanctorumque
875 687 1039 752 examina:
1056 685 1191 750 famam

226 795 411 882 Denigrare
427 793 556 882 Anglus
572 818 638 860 non
654 797 748 861 sistit.
794 795 944 880 Uterque
959 804 1098 882 paratus

226 901 341 987 AEquo
357 900 443 981 odio,
459 900 569 966 studio
583 902 656 989 pari
670 901 779 968 delere
795 900 847 966 vel
864 902 972 988 ipsum

227 1007 368 1088 Nomen,
380 1021 414 1075 et
428 1020 465 1074 ut
480 1007 583 1074 nostri
597 1020 728 1076 maneat
743 1009 824 1074 nihil
839 1010 919 1074 orbe
935 1017 1107 1094 supertes
1121 1031 1132 1082 ;

228 1117 415 1204 Pugnatum
432 1118 509 1182 satis
525 1129 576 1184 est
590 1119 686 1187 armis
701 1142 708 1184 ι
733 1118 760 1182 si
776 1117 844 1184 iata
858 1115 1028 1182 dedissent

228 1226 372 1292 Vincere
385 1226 453 1311 jam
468 1225 530 1291 vici
543 1252 551 1306 3
575 1225 740 1292 Mavortia
757 1235 890 1311 pectora
904 1223 1001 1288 nobis

229 1333 316 1399 Esse
332 1355 442 1398 omnes
457 1334 587 1399 ndrunt.
632 1331 755 1400 Divirm
769 1332 983 1419 implacabilis
998 1311 1048 1394 irs

230 1439 362 1505 Perstat
377 1440 507 1504 adhuc:
530 1438 639 1526 potius
655 1451 804 1525 perstent
819 1438 938 1505 delicta
951 1432 1143 1533 pareqtirm,

229 1546 419 1632 Nostraque
430 1548 545 1632 juncta
559 1545 632 1613 iliis.
685 1547 819 1616 Colomo
835 1547 892 1632 qui
907 1545 1046 1630 denique
1062 1553 1192 1620 certet,

231 1650 388 1716 Vindicet
403 1653 553 1717 amissum
569 1674 700 1731 nomen,
713 1651 900 1738 famamque
917 1651 1098 1734 decusque,

232 1759 267 1824 Is
282 1760 361 1824 mihi
375 1761 515 1826 Plcoebus
527 1762 602 1838 trit,
618 1762 925 1847 praeponendusque
945 1759 1107 1826 Gradiuo.

234 1867 322 1939 Quin
339 1889 400 1953 age
415 1865 525 1951 Keliy,
539 1888 640 1931 noves
655 1866 690 1933 in
707 1867 848 1934 carmina
864 1865 1022 1932 contrahe
1037 1867 1144 1943 vires,

235 1975 391 2057 (Cincaris
405 1985 439 2040 et
453 1975 558 2062 Regis
573 1975 615 2040 de
621 1972 784 2062 munere)
791 1973 904 2039 laurea
918 1974 1021 2059 cingit

236 2082 343 2155 Quem
359 2103 469 2146 nuno:
494 2080 636 2167 Augusti
637 2082 817 2188 effigies...
790 2081 911 2185 donqta
924 2079 1057 2169 Josepti

235 2187 343 2251 Ornat
358 2197 391 2252 et
402 2183 528 2304 effissffi't
538 2169 702 2283 Mq'gdi
673 2161 805 2278 ἆᾳιιιῖι·
795 2181 963 2291 promtis.
1073 2255 1078 2266 ,

235 2295 288 2360 Te
300 2293 417 2362 labor
408 2285 479 2360 rst'e
469 2259 607 2406 deoet’g
598 2291 763 2404 ἰιιιιιίιιι
736 2278 843 2397 titii
837 2293 989 2360 convenit
1002 2291 1120 2368 istud·-

236 2397 361 2466 M¹¹¹¹¹¹¹
372 2399 407 2468 ¹¹¹
424 2401 625 2508 ⁶¹¹¹0¹¹3¹¹¹¹ts
633 2386 732 2495 mbas
747 2367 909 2488 ciliman
899 2400 1057 2478 meretis,

236 2505 303 2574 Fer
317 2509 432 2594 patriae
448 2479 653 2608 affinga}
622 2509 701 2574 rusi.-
680 2531 756 2610 :pp
759 2510 908 2612 iqgrptus
923 2506 1050 2572 heberi.

237 2614 337 2679 Tunc
348 2613 442 2701 Eg03
459 2587 695 2704 Diid,pie‘e‘o.r‚·
680 2591 794 2684 iiiiii?
797 2613 1010 2680 adcommitte
1024 2607 1191 2694 laborem,

240 2719 363 2792 Quaere
378 2719 477 2784 alium
492 2729 620 2797 vatem3
644 2719 762 2793 nostris
776 2729 826 2784 est
841 2719 986 2784 viribus
977 2742 1081 2805 rmpar

239 2826 332 2892 istud
349 2849 430 2890 onus
446 2849 454 2889 ι
478 2824 581 2890 nostri
594 2847 660 2890 non
675 2837 737 2902 est,
753 2823 839 2903 Dea,
856 2824 942 2902 ferre
957 2827 1048 2911 quod
1063 2839 1165 2914 optas
1181 2859 1190 2910 3

240 2933 292 2997 Ac
307 2933 334 2996 si
349 2931 435 2996 ferre
450 2953 567 3015 queam
582 2955 591 2998 ι
615 2931 676 2995 sub
693 2953 759 3015 quo
772 2929 856 2998 liber
870 2933 931 2998 ibit
945 2934 978 2998 in
994 2935 1107 3000 orbem

241 3039 383 3104 Nomine
399 3040 513 3108 tutust
535 3039 620 3106 enim
635 3060 729 3104 nemo
747 3037 823 3102 velit
838 3060 911 3104 esse
926 3050 1104 3124 patronus;

240 3146 315 3211 Nec
332 3145 401 3212 sine
417 3157 566 3231 patrono,
581 3145 633 3214 vel
648 3145 831 3212 Maecenate
845 3159 953 3232 poetae

244 3255 381 3320 Grande
397 3253 519 3340 alitprid
533 3265 660 3322 tentare
674 3253 793 3320 valent.
837 3254 914 3321 Dea
928 3275 1041 3320 rursus
1056 3255 1100 3318 ad
1114 3255 1181 3329 ista

242 3363 342 3446 Spem
359 3362 449 3426 vultu
465 3359 620 3442 referens,
635 3360 736 3428 oculis
754 3383 813 3426 sua
826 3361 947 3448 gaudia
960 3371 1162 3440 monstrans,

244 3467 290 3534 Et
305 3467 375 3534 lene
393 3469 599 3556 increpitans.
645 3468 678 3534 Ο
693 3490 802 3536 rerum
817 3468 930 3555 ignare
944 3471 1109 3532 mearum!

244 3574 312 3646 Qui
327 3571 619 3660 Sernbergiaddm
635 3573 780 3640 cecinisti
794 3574 837 3640 ab
852 3572 976 3660 origine
999 3583 1144 3660 gentem,

245 3665 421 3766 Factaque
436 3679 658 3772 fortunasque,
675 3680 909 3770 euantelasque
923 3677 1066 3774 labores,
1149 3741 1154 3748 .
