2440 4292
211 317 273 384 116
607 339 785 388 mnarum.

202 486 321 574 ,prelio
342 487 473 575 penitus
501 491 707 572 exciderunt,
735 513 875 579 moxque
901 493 1047 560 Insulam
1076 495 1147 561 uni-

209 616 336 662 versam
362 594 460 683 longe
488 595 699 664 Posteromm
727 601 809 666 serie
837 600 1079 685 possidendam,
1113 601 1148 666 in

208 703 354 770 ordinem
369 705 585 790 redegerunt;
600 707 796 774 mrmimeuta
811 706 881 774 scil.
897 706 1059 775 etvallata
1072 729 1148 793 prc-

209 811 404 898 puguacula,
428 811 595 879 hibernicis
618 813 731 880 Rullo
756 813 808 880 vel
829 815 932 882 Dum
951 816 1149 893 extruendo,

212 928 307 1003 prata
329 929 363 982 et
384 940 515 1004 campos
533 942 553 984 a
566 941 743 986 memorum
757 922 879 987 umbris
895 921 1104 990 excludendo
1118 935 1153 989 et

209 1021 346 1092 culturas
359 1034 453 1111 aptos
467 1024 647 1091 reddendo.
691 1023 758 1094 Sed
775 1037 890 1092 notatu
911 1027 1148 1114 dignissimum,

210 1131 274 1200 hoc
298 1133 384 1197 bono
405 1130 626 1196 Hibernorum
653 1130 750 1196 omini
774 1130 887 1210 fuisse,
917 1132 1006 1218 quod
1033 1133 1152 1198 eadem

77 1305 79 1312 ,
210 1236 283 1324 ipsi
297 1247 404 1315 nocte,
427 1235 493 1321 qua
507 1236 671 1302 Milesiani
685 1236 902 1306 Hibernicum
917 1237 1021 1304 solum
1034 1241 1155 1325 attige-

211 1345 287 1422 rint,
314 1354 401 1409 terra
423 1342 552 1407 duobus
567 1343 601 1406 in
615 1340 695 1408 locis
710 1343 865 1428 absorpta
880 1344 962 1409 duos
973 1341 1158 1428 pulcherri-

213 1472 282 1517 mos
297 1447 386 1516 lacus
401 1446 567 1514 elicuerit:
583 1471 659 1514 cum
670 1458 778 1514 tamen
785 1450 962 1536 Belgarum
973 1461 1007 1515 et
1018 1451 1160 1517 Donac-

212 1579 324 1622 norum
348 1553 550 1639 temporibus
575 1577 636 1620 nec
659 1555 749 1620 lacus
771 1577 791 1620 e
812 1558 900 1621 terra
925 1561 1071 1643 eruperit
1096 1580 1160 1624 nec

211 1678 378 1745 campuse
397 1659 557 1744 sylvarum
571 1655 705 1724 latebris
722 1659 903 1724 subductus
918 1657 1026 1725 fuerit.

277 1765 490 1832 Particularia
504 1763 603 1850 hujus
619 1763 818 1850 migrationis
834 1765 891 1849 qui
906 1766 988 1832 scire
1001 1764 1157 1844 voluerit,

213 1877 311 1942 adeat
325 1873 468 1940 Flahert.
485 1896 560 1960 pag.
579 1876 651 1952 182,
667 1874 726 1938 ubi
740 1875 900 1961 precipui
915 1875 1026 1957 duces,
1040 1876 1163 1963 princi·

213 1979 353 2066 paliores
376 1980 528 2056 foeminae,
551 1990 584 2044 et
606 1981 665 2044 ubi
685 1992 817 2066 portum
842 1982 1023 2068 attigerint,
1045 1994 1079 2048 ct
1102 1985 1163 2067 qui

214 2099 419 2174 tempestate,
446 2099 503 2154 aut
524 2109 602 2154 casu
617 2088 783 2175 perierint,
813 2089 1020 2157 adnotantur.
1058 2087 1163 2157 ¹Sicut

214 2206 250 2261 et
266 2194 436 2282 Awgin
453 2195 612 2280 judicium
638 2196 722 2260 inter
747 2196 831 2262 duos
850 2197 967 2263 fratres
982 2197 1164 2264 Hebcram-

220 2304 305 2370 Fctn
319 2314 353 2370 et
366 2303 571 2370 Herimoacm
586 2303 628 2370 de
642 2303 829 2390 principatu
842 2301 1022 2370 Hibernia.
1056 2304 1162 2380 Quod

216 2421 324 2474 tamen
346 2408 504 2494 impedire
526 2431 591 2474 non
606 2409 724 2495 potuit,
740 2408 911 2495 quominus
926 2407 1006 2474 illud
1022 2409 1109 2475 idem
1125 2410 1161 2474 in

216 2517 457 2585 contentionem
481 2517 604 2582 rediret
633 2515 721 2602 apud
738 2528 899 2603 posteros,
925 2515 1014 2602 quod
1029 2518 1161 2603 poetica

216 2625 422 2690 contentione
445 2624 661 2709 disceptatum
684 2633 746 2700 est,
769 2620 949 2708 penultimo
956 2625 1025 2708 jam
1040 2623 1162 2692 saeculo

217 2729 280 2794 sub
298 2725 423 2796 Jaccbo
438 2727 466 2793 1.
490 2729 539 2795 M.
555 2731 733 2796 Britanniae
752 2741 789 2796 et
808 2728 981 2796 Hibernia
1001 2751 1092 2816 rege,
1115 2731 1164 2795 in-

221 2844 273 2897 ter
288 2831 467 2898 Thadaeum
482 2834 685 2900 Bruodinum
701 2833 893 2900 Tuomoniae
913 2845 947 2900 et
970 2831 1164 2921 Lugadium

216 2939 358 3027 O’Clery
373 2939 588 3006 Tirconnaliae
598 2940 810 3026 Antiquarios
823 2942 865 3008 de
878 2941 1062 3028 principatu
1077 2941 1164 3005 inter

217 3049 395 3118 eorundem
410 3049 549 3114 duorum
561 3047 697 3114 fratrum
712 3047 849 3133 stirpes:
865 3045 1027 3112 Australis
1041 3043 1164 3114 Hiber-

219 3158 282 3222 niae
295 3166 404 3241 partes
418 3154 472 3220 cui
486 3149 634 3220 Hebenus
648 3153 789 3239 praefuit,
804 3153 1010 3218 Bruodinus:
1026 3149 1166 3238 Septen-

219 3259 367 3328 tricnalis
378 3259 456 3326 varo
469 3260 522 3325 cui
533 3260 700 3338 Hartman,
710 3258 835 3324 Clerius
849 3259 882 3324 in
897 3280 932 3324 se
941 3257 1165 3326 defendendas

220 3373 375 3459 suscepit,
400 3382 538 3456 uterque
561 3370 756 3436 carminibus
771 3370 884 3456 patriis
906 3369 992 3435 ultro
1014 3369 1163 3454 citroque

219 3481 414 3548 transmissis
437 3499 556 3563 magno
578 3479 756 3542 animorum
773 3488 857 3542 oestu
871 3475 1048 3543 contendit.
1095 3475 1166 3541 Ve-

220 3589 293 3655 rum
306 3585 506 3674 praecipuum
518 3583 677 3650 Bruodini
692 3595 927 3670 argumentum,
948 3585 982 3650 in
998 3603 1038 3648 eo
1055 3583 1164 3661 ritum,

220 3691 313 3781 qudd
323 3687 471 3757 Hebmca
486 3699 573 3754 essct
588 3689 831 3775 primogenitus,
843 3687 905 3755 hac
920 3688 1016 3756 unici
1026 3689 1164 3766 ratione,
