<?xml version="1.0" encoding="UTF-8"?>
<!DOCTYPE html PUBLIC "-//W3C//DTD XHTML 1.0 Transitional//EN"
    "http://www.w3.org/TR/xhtml1/DTD/xhtml1-transitional.dtd">
<html xmlns="http://www.w3.org/1999/xhtml" xml:lang="en" lang="en">
 <head>
  <title>
</title>
<meta http-equiv="Content-Type" content="text/html;charset=utf-8" />
  <meta name='ocr-system' content='tesseract 3.04.00' />
  <meta name='ocr-capabilities' content='ocr_page ocr_carea ocr_par ocr_line ocrx_word'/>
</head>
<body>
  <div class='ocr_page' id='page_1' title='image "./historicadescri00daggoog_0222.png"; bbox 0 0 2412 4292; ppageno 0'>
   <div class='ocr_carea' id='block_1_1' title="bbox 440 353 1023 422">
    <p class='ocr_par' dir='ltr' id='par_1_1' title="bbox 440 353 1023 422">
     <span class='ocr_line' id='line_1_1' title="bbox 440 353 1023 422; baseline -0.01 0"><span class='ocrx_word' id='word_1_1' title='bbox 440 371 645 422; x_wconf 52' lang='lat' dir='ltr'><strong>summunt.</strong></span> <span class='ocrx_word' id='word_1_2' title='bbox 959 353 1023 419; x_wconf 76' lang='lat'><strong>205</strong></span> 
     </span>
    </p>
   </div>
   <div class='ocr_carea' id='block_1_2' title="bbox 77 515 1030 3821">
    <p class='ocr_par' dir='ltr' id='par_1_2' title="bbox 77 515 1023 912">
     <span class='ocr_line' id='line_1_2' title="bbox 77 515 1021 611; baseline 0.002 -23"><span class='ocrx_word' id='word_1_3' title='bbox 77 523 198 590; x_wconf 90' lang='lat' dir='ltr'><strong>simam</strong></span> <span class='ocrx_word' id='word_1_4' title='bbox 224 522 258 588; x_wconf 91' lang='lat' dir='ltr'><strong>in</strong></span> <span class='ocrx_word' id='word_1_5' title='bbox 276 515 423 588; x_wconf 87' lang='lat' dir='ltr'><strong>Australi</strong></span> <span class='ocrx_word' id='word_1_6' title='bbox 443 524 548 608; x_wconf 84' lang='lat' dir='ltr'><strong>gentis</strong></span> <span class='ocrx_word' id='word_1_7' title='bbox 575 523 672 611; x_wconf 67' lang='lat' dir='ltr'><strong>plagd</strong></span> <span class='ocrx_word' id='word_1_8' title='bbox 690 545 762 590; x_wconf 83' lang='lat' dir='ltr'><strong>esse</strong></span> <span class='ocrx_word' id='word_1_9' title='bbox 786 522 939 589; x_wconf 84' lang='lat' dir='ltr'><strong>horarum</strong></span> <span class='ocrx_word' id='word_1_10' title='bbox 968 531 1021 590; x_wconf 86' lang='lat'><strong>16.</strong></span> 
     </span>
     <span class='ocr_line' id='line_1_3' title="bbox 77 630 1022 716; baseline 0.001 -19"><span class='ocrx_word' id='word_1_11' title='bbox 77 633 168 698; x_wconf 89' lang='lat' dir='ltr'><strong>Cum</strong></span> <span class='ocrx_word' id='word_1_12' title='bbox 183 632 364 699; x_wconf 81' lang='lat' dir='ltr'><strong>dodrante:</strong></span> <span class='ocrx_word' id='word_1_13' title='bbox 387 633 422 696; x_wconf 91' lang='lat' dir='ltr'><strong>in</strong></span> <span class='ocrx_word' id='word_1_14' title='bbox 436 630 627 716; x_wconf 84' lang='lat' dir='ltr'><strong>Aquilonari</strong></span> <span class='ocrx_word' id='word_1_15' title='bbox 649 631 736 709; x_wconf 76' lang='lat' dir='ltr'><strong>verb,</strong></span> <span class='ocrx_word' id='word_1_16' title='bbox 760 630 827 696; x_wconf 68' lang='lat' dir='ltr'><strong>fere</strong></span> <span class='ocrx_word' id='word_1_17' title='bbox 840 693 843 698; x_wconf 89' lang='grc'><strong>,</strong></span> <span class='ocrx_word' id='word_1_18' title='bbox 858 632 907 709; x_wconf 91' lang='grc'><strong>18,</strong></span> <span class='ocrx_word' id='word_1_19' title='bbox 930 633 1022 716; x_wconf 90' lang='lat' dir='ltr'><strong>quod</strong></span> 
     </span>
     <span class='ocr_line' id='line_1_4' title="bbox 77 736 1023 816; baseline 0.001 -12"><span class='ocrx_word' id='word_1_20' title='bbox 77 741 108 804; x_wconf 91' lang='lat' dir='ltr'><strong>si</strong></span> <span class='ocrx_word' id='word_1_21' title='bbox 124 762 239 804; x_wconf 87' lang='lat' dir='ltr'><strong>verum</strong></span> <span class='ocrx_word' id='word_1_22' title='bbox 254 749 315 816; x_wconf 88' lang='lat' dir='ltr'><strong>est,</strong></span> <span class='ocrx_word' id='word_1_23' title='bbox 339 762 359 802; x_wconf 88' lang='lat' dir='ltr'><strong>a</strong></span> <span class='ocrx_word' id='word_1_24' title='bbox 382 737 448 803; x_wconf 86' lang='lat' dir='ltr'><strong>fine</strong></span> <span class='ocrx_word' id='word_1_25' title='bbox 468 739 573 804; x_wconf 88' lang='lat' dir='ltr'><strong>octavi</strong></span> <span class='ocrx_word' id='word_1_26' title='bbox 587 736 722 804; x_wconf 86' lang='lat' dir='ltr'><strong>climatis</strong></span> <span class='ocrx_word' id='word_1_27' title='bbox 738 737 893 803; x_wconf 84' lang='lat' dir='ltr'><strong>adfinem</strong></span> <span class='ocrx_word' id='word_1_28' title='bbox 907 740 1023 805; x_wconf 86' lang='lat' dir='ltr'><strong>duode-</strong></span> 
     </span>
     <span class='ocr_line' id='line_1_5' title="bbox 77 845 466 912; baseline -0.005 -1"><span class='ocrx_word' id='word_1_29' title='bbox 77 847 158 912; x_wconf 80' lang='lat' dir='ltr'><strong>cimi</strong></span> <span class='ocrx_word' id='word_1_30' title='bbox 172 846 242 910; x_wconf 77' lang='lat' dir='ltr'><strong>sere</strong></span> <span class='ocrx_word' id='word_1_31' title='bbox 259 845 466 912; x_wconf 87' lang='lat' dir='ltr'><strong>extendetur.</strong></span> 
     </span>
    </p>

    <p class='ocr_par' dir='ltr' id='par_1_3' title="bbox 77 949 1025 2105">
     <span class='ocr_line' id='line_1_6' title="bbox 149 949 1023 1038; baseline -0.007 -20"><span class='ocrx_word' id='word_1_32' title='bbox 149 953 259 1018; x_wconf 82' lang='lat' dir='ltr'><strong>Causa</strong></span> <span class='ocrx_word' id='word_1_33' title='bbox 280 966 389 1019; x_wconf 85' lang='lat' dir='ltr'><strong>autem</strong></span> <span class='ocrx_word' id='word_1_34' title='bbox 412 952 532 1018; x_wconf 89' lang='lat' dir='ltr'><strong>erroris</strong></span> <span class='ocrx_word' id='word_1_35' title='bbox 554 949 782 1016; x_wconf 88' lang='lat' dir='ltr'><strong>modernorum</strong></span> <span class='ocrx_word' id='word_1_36' title='bbox 805 951 1023 1038; x_wconf 59' lang='lat' dir='ltr'><strong>Geographoq</strong></span> 
     </span>
     <span class='ocr_line' id='line_1_7' title="bbox 77 1057 1022 1141; baseline -0.001 -15"><span class='ocrx_word' id='word_1_37' title='bbox 77 1083 167 1141; x_wconf 90' lang='lat' dir='ltr'><strong>rum,</strong></span> <span class='ocrx_word' id='word_1_38' title='bbox 182 1062 269 1126; x_wconf 85' lang='lat' dir='ltr'><strong>circa</strong></span> <span class='ocrx_word' id='word_1_39' title='bbox 290 1058 464 1126; x_wconf 80' lang='lat' dir='ltr'><strong>Hibernia</strong></span> <span class='ocrx_word' id='word_1_40' title='bbox 490 1059 731 1135; x_wconf 87' lang='lat' dir='ltr'><strong>dimensionem,</strong></span> <span class='ocrx_word' id='word_1_41' title='bbox 754 1057 833 1122; x_wconf 91' lang='lat' dir='ltr'><strong>mihi</strong></span> <span class='ocrx_word' id='word_1_42' title='bbox 855 1058 926 1125; x_wconf 84' lang='lat' dir='ltr'><strong>haec</strong></span> <span class='ocrx_word' id='word_1_43' title='bbox 950 1081 1022 1126; x_wconf 87' lang='lat' dir='ltr'><strong>esse</strong></span> 
     </span>
     <span class='ocr_line' id='line_1_8' title="bbox 77 1164 1022 1253; baseline 0.002 -24"><span class='ocrx_word' id='word_1_44' title='bbox 77 1167 233 1232; x_wconf 87' lang='lat' dir='ltr'><strong>videtur:</strong></span> <span class='ocrx_word' id='word_1_45' title='bbox 258 1167 345 1250; x_wconf 91' lang='lat' dir='ltr'><strong>quod</strong></span> <span class='ocrx_word' id='word_1_46' title='bbox 355 1166 570 1252; x_wconf 82' lang='lat' dir='ltr'><strong>Stafordr‘ana</strong></span> <span class='ocrx_word' id='word_1_47' title='bbox 581 1165 750 1229; x_wconf 88' lang='lat' dir='ltr'><strong>Hiberniae</strong></span> <span class='ocrx_word' id='word_1_48' title='bbox 760 1164 918 1231; x_wconf 90' lang='lat' dir='ltr'><strong>dimensio</strong></span> <span class='ocrx_word' id='word_1_49' title='bbox 935 1170 1022 1253; x_wconf 91' lang='lat' dir='ltr'><strong>(quae</strong></span> 
     </span>
     <span class='ocr_line' id='line_1_9' title="bbox 77 1270 1024 1356; baseline 0.001 -19"><span class='ocrx_word' id='word_1_50' title='bbox 77 1272 184 1337; x_wconf 71' lang='lat' dir='ltr'><strong>hodie</strong></span> <span class='ocrx_word' id='word_1_51' title='bbox 215 1271 365 1354; x_wconf 75' lang='lat' dir='ltr'><strong>obtinet)</strong></span> <span class='ocrx_word' id='word_1_52' title='bbox 387 1270 561 1356; x_wconf 79' lang='lat' dir='ltr'><strong>plurimirm</strong></span> <span class='ocrx_word' id='word_1_53' title='bbox 587 1272 737 1351; x_wconf 79' lang='lat' dir='ltr'><strong>deficiat3</strong></span> <span class='ocrx_word' id='word_1_54' title='bbox 769 1272 802 1338; x_wconf 94' lang='lat' dir='ltr'><strong>in</strong></span> <span class='ocrx_word' id='word_1_55' title='bbox 831 1270 915 1338; x_wconf 86' lang='lat' dir='ltr'><strong>hanc</strong></span> <span class='ocrx_word' id='word_1_56' title='bbox 938 1275 1024 1339; x_wconf 90' lang='lat' dir='ltr'><strong>enim</strong></span> 
     </span>
     <span class='ocr_line' id='line_1_10' title="bbox 79 1379 1023 1466; baseline 0.004 -22"><span class='ocrx_word' id='word_1_57' title='bbox 79 1381 318 1446; x_wconf 81' lang='lat' dir='ltr'><strong>dimensionem</strong></span> <span class='ocrx_word' id='word_1_58' title='bbox 333 1381 465 1445; x_wconf 88' lang='lat' dir='ltr'><strong>veniunt</strong></span> <span class='ocrx_word' id='word_1_59' title='bbox 480 1379 558 1444; x_wconf 87' lang='lat' dir='ltr'><strong>solae</strong></span> <span class='ocrx_word' id='word_1_60' title='bbox 581 1380 742 1465; x_wconf 77' lang='lat' dir='ltr'><strong>planities,</strong></span> <span class='ocrx_word' id='word_1_61' title='bbox 765 1401 839 1466; x_wconf 84' lang='lat' dir='ltr'><strong>quae</strong></span> <span class='ocrx_word' id='word_1_62' title='bbox 859 1380 911 1447; x_wconf 90' lang='lat' dir='ltr'><strong>vel</strong></span> <span class='ocrx_word' id='word_1_63' title='bbox 926 1404 1023 1466; x_wconf 85' lang='lat' dir='ltr'><strong>peeo-</strong></span> 
     </span>
     <span class='ocr_line' id='line_1_11' title="bbox 79 1487 1019 1574; baseline 0.002 -22"><span class='ocrx_word' id='word_1_64' title='bbox 79 1511 155 1553; x_wconf 88' lang='lat' dir='ltr'><strong>rum</strong></span> <span class='ocrx_word' id='word_1_65' title='bbox 170 1489 291 1574; x_wconf 86' lang='lat' dir='ltr'><strong>pastui,</strong></span> <span class='ocrx_word' id='word_1_66' title='bbox 307 1498 363 1551; x_wconf 84' lang='lat' dir='ltr'><strong>aut</strong></span> <span class='ocrx_word' id='word_1_67' title='bbox 379 1487 587 1573; x_wconf 87' lang='lat' dir='ltr'><strong>agriculturae</strong></span> <span class='ocrx_word' id='word_1_68' title='bbox 605 1488 777 1553; x_wconf 86' lang='lat' dir='ltr'><strong>destinatae</strong></span> <span class='ocrx_word' id='word_1_69' title='bbox 799 1497 885 1565; x_wconf 87' lang='lat' dir='ltr'><strong>sunt,</strong></span> <span class='ocrx_word' id='word_1_70' title='bbox 910 1487 1019 1574; x_wconf 84' lang='lat' dir='ltr'><strong>sylvis,</strong></span> 
     </span>
     <span class='ocr_line' id='line_1_12' title="bbox 80 1587 1019 1679; baseline 0 -19"><span class='ocrx_word' id='word_1_71' title='bbox 80 1594 265 1671; x_wconf 89' lang='lat' dir='ltr'><strong>montibus,</strong></span> <span class='ocrx_word' id='word_1_72' title='bbox 301 1591 450 1670; x_wconf 85' lang='lat' dir='ltr'><strong>lacubus,</strong></span> <span class='ocrx_word' id='word_1_73' title='bbox 482 1590 628 1679; x_wconf 91' lang='lat' dir='ltr'><strong>locisque</strong></span> <span class='ocrx_word' id='word_1_74' title='bbox 666 1593 812 1657; x_wconf 87' lang='lat' dir='ltr'><strong>omnibus</strong></span> <span class='ocrx_word' id='word_1_75' title='bbox 841 1587 1019 1678; x_wconf 85' lang='lat' dir='ltr'><strong>paludosis,</strong></span> 
     </span>
     <span class='ocr_line' id='line_1_13' title="bbox 80 1695 1024 1784; baseline 0 -20"><span class='ocrx_word' id='word_1_76' title='bbox 80 1710 141 1764; x_wconf 88' lang='lat' dir='ltr'><strong>aut</strong></span> <span class='ocrx_word' id='word_1_77' title='bbox 169 1697 370 1784; x_wconf 86' lang='lat' dir='ltr'><strong>palustribus</strong></span> <span class='ocrx_word' id='word_1_78' title='bbox 395 1697 563 1782; x_wconf 86' lang='lat' dir='ltr'><strong>neglectis.</strong></span> <span class='ocrx_word' id='word_1_79' title='bbox 609 1697 718 1776; x_wconf 90' lang='lat' dir='ltr'><strong>Adde,</strong></span> <span class='ocrx_word' id='word_1_80' title='bbox 738 1697 829 1780; x_wconf 76' lang='lat' dir='ltr'><strong>qubd</strong></span> <span class='ocrx_word' id='word_1_81' title='bbox 852 1695 1024 1784; x_wconf 89' lang='lat' dir='ltr'><strong>Agrimen-</strong></span> 
     </span>
     <span class='ocr_line' id='line_1_14' title="bbox 83 1801 1024 1895; baseline -0.002 -23"><span class='ocrx_word' id='word_1_82' title='bbox 83 1801 176 1872; x_wconf 79' lang='lat' dir='ltr'><strong>sores</strong></span> <span class='ocrx_word' id='word_1_83' title='bbox 193 1805 406 1871; x_wconf 91' lang='lat' dir='ltr'><strong>Dominorum</strong></span> <span class='ocrx_word' id='word_1_84' title='bbox 428 1804 549 1885; x_wconf 80' lang='lat' dir='ltr'><strong>favore,</strong></span> <span class='ocrx_word' id='word_1_85' title='bbox 571 1801 807 1889; x_wconf 82' lang='lat' dir='ltr'><strong>largitionibus,</strong></span> <span class='ocrx_word' id='word_1_86' title='bbox 833 1816 891 1869; x_wconf 88' lang='lat' dir='ltr'><strong>aut</strong></span> <span class='ocrx_word' id='word_1_87' title='bbox 906 1806 1024 1895; x_wconf 90' lang='lat' dir='ltr'><strong>decep-</strong></span> 
     </span>
     <span class='ocr_line' id='line_1_15' title="bbox 83 1911 1025 1995; baseline 0.004 -18"><span class='ocrx_word' id='word_1_88' title='bbox 83 1913 229 1978; x_wconf 88' lang='lat' dir='ltr'><strong>tionibus</strong></span> <span class='ocrx_word' id='word_1_89' title='bbox 250 1911 351 1976; x_wconf 83' lang='lat' dir='ltr'><strong>multa</strong></span> <span class='ocrx_word' id='word_1_90' title='bbox 380 1911 556 1987; x_wconf 89' lang='lat' dir='ltr'><strong>omiserint,</strong></span> <span class='ocrx_word' id='word_1_91' title='bbox 579 1934 652 1995; x_wconf 87' lang='lat' dir='ltr'><strong>quae</strong></span> <span class='ocrx_word' id='word_1_92' title='bbox 674 1911 793 1976; x_wconf 88' lang='lat' dir='ltr'><strong>nostris</strong></span> <span class='ocrx_word' id='word_1_93' title='bbox 816 1911 924 1977; x_wconf 84' lang='lat' dir='ltr'><strong>adhuc</strong></span> <span class='ocrx_word' id='word_1_94' title='bbox 946 1922 1025 1982; x_wconf 86' lang='lat' dir='ltr'><strong>tem·</strong></span> 
     </span>
     <span class='ocr_line' id='line_1_16' title="bbox 83 2017 585 2105; baseline -0.006 -21"><span class='ocrx_word' id='word_1_95' title='bbox 83 2019 222 2105; x_wconf 89' lang='lat' dir='ltr'><strong>poribus</strong></span> <span class='ocrx_word' id='word_1_96' title='bbox 237 2017 270 2081; x_wconf 93' lang='lat' dir='ltr'><strong>in</strong></span> <span class='ocrx_word' id='word_1_97' title='bbox 285 2018 358 2083; x_wconf 89' lang='lat' dir='ltr'><strong>dies</strong></span> <span class='ocrx_word' id='word_1_98' title='bbox 373 2017 585 2101; x_wconf 86' lang='lat' dir='ltr'><strong>deteguntur.</strong></span> 
     </span>
    </p>

    <p class='ocr_par' dir='ltr' id='par_1_4' title="bbox 84 2121 1026 2420">
     <span class='ocr_line' id='line_1_17' title="bbox 152 2121 1026 2209; baseline 0.001 -20"><span class='ocrx_word' id='word_1_99' title='bbox 152 2123 278 2191; x_wconf 87' lang='lat' dir='ltr'><strong>Locum</strong></span> <span class='ocrx_word' id='word_1_100' title='bbox 306 2121 395 2207; x_wconf 91' lang='lat' dir='ltr'><strong>quod</strong></span> <span class='ocrx_word' id='word_1_101' title='bbox 425 2122 560 2186; x_wconf 85' lang='lat' dir='ltr'><strong>attinet:</strong></span> <span class='ocrx_word' id='word_1_102' title='bbox 597 2131 778 2187; x_wconf 86' lang='lat' dir='ltr'><strong>extremum</strong></span> <span class='ocrx_word' id='word_1_103' title='bbox 808 2123 953 2209; x_wconf 89' lang='lat' dir='ltr'><strong>Europae</strong></span> <span class='ocrx_word' id='word_1_104' title='bbox 982 2125 1026 2190; x_wconf 85' lang='lat' dir='ltr'><strong>ad</strong></span> 
     </span>
     <span class='ocr_line' id='line_1_18' title="bbox 84 2229 1024 2318; baseline -0.005 -15"><span class='ocrx_word' id='word_1_105' title='bbox 84 2235 300 2302; x_wconf 87' lang='lat' dir='ltr'><strong>Occidentem</strong></span> <span class='ocrx_word' id='word_1_106' title='bbox 327 2229 498 2296; x_wconf 85' lang='lat' dir='ltr'><strong>terminum</strong></span> <span class='ocrx_word' id='word_1_107' title='bbox 522 2239 618 2294; x_wconf 84' lang='lat' dir='ltr'><strong>nacta</strong></span> <span class='ocrx_word' id='word_1_108' title='bbox 643 2242 703 2308; x_wconf 90' lang='lat' dir='ltr'><strong>est,</strong></span> <span class='ocrx_word' id='word_1_109' title='bbox 728 2230 862 2298; x_wconf 88' lang='lat' dir='ltr'><strong>Oceano</strong></span> <span class='ocrx_word' id='word_1_110' title='bbox 877 2233 1024 2318; x_wconf 88' lang='lat' dir='ltr'><strong>undique</strong></span> 
     </span>
     <span class='ocr_line' id='line_1_19' title="bbox 85 2333 788 2420; baseline -0.011 -12"><span class='ocrx_word' id='word_1_111' title='bbox 85 2340 249 2419; x_wconf 90' lang='lat' dir='ltr'><strong>conclusa,</strong></span> <span class='ocrx_word' id='word_1_112' title='bbox 265 2335 364 2404; x_wconf 89' lang='lat' dir='ltr'><strong>ovalis</strong></span> <span class='ocrx_word' id='word_1_113' title='bbox 379 2346 435 2400; x_wconf 83' lang='lat' dir='ltr'><strong>aut</strong></span> <span class='ocrx_word' id='word_1_114' title='bbox 451 2333 648 2401; x_wconf 85' lang='lat' dir='ltr'><strong>lenticularis</strong></span> <span class='ocrx_word' id='word_1_115' title='bbox 663 2334 788 2420; x_wconf 84' lang='lat' dir='ltr'><strong>figurae.</strong></span> 
     </span>
    </p>

    <p class='ocr_par' dir='ltr' id='par_1_5' title="bbox 84 2438 1030 3821">
     <span class='ocr_line' id='line_1_20' title="bbox 84 2438 1025 2527; baseline -0.005 -14"><span class='ocrx_word' id='word_1_116' title='bbox 84 2485 89 2492; x_wconf 93' lang='lat'><em>·</em></span> <span class='ocrx_word' id='word_1_117' title='bbox 154 2447 325 2514; x_wconf 89' lang='lat' dir='ltr'><strong>Terminos</strong></span> <span class='ocrx_word' id='word_1_118' title='bbox 340 2444 477 2509; x_wconf 83' lang='lat' dir='ltr'><strong>habeta</strong></span> <span class='ocrx_word' id='word_1_119' title='bbox 496 2440 640 2517; x_wconf 89' lang='lat' dir='ltr'><strong>meridie,</strong></span> <span class='ocrx_word' id='word_1_120' title='bbox 666 2461 732 2524; x_wconf 84' lang='lat' dir='ltr'><strong>quo</strong></span> <span class='ocrx_word' id='word_1_121' title='bbox 747 2438 914 2506; x_wconf 88' lang='lat' dir='ltr'><strong>Momouia</strong></span> <span class='ocrx_word' id='word_1_122' title='bbox 925 2443 1025 2527; x_wconf 88' lang='lat' dir='ltr'><strong>jacet,</strong></span> 
     </span>
     <span class='ocr_line' id='line_1_21' title="bbox 86 2551 1027 2639; baseline -0.005 -14"><span class='ocrx_word' id='word_1_123' title='bbox 86 2559 250 2626; x_wconf 82' lang='lat' dir='ltr'><strong>Biscaiam</strong></span> <span class='ocrx_word' id='word_1_124' title='bbox 285 2557 319 2620; x_wconf 90' lang='lat' dir='ltr'><strong>in</strong></span> <span class='ocrx_word' id='word_1_125' title='bbox 349 2551 523 2639; x_wconf 69' lang='lat' dir='ltr'><strong>Hispanib,</strong></span> <span class='ocrx_word' id='word_1_126' title='bbox 561 2551 739 2618; x_wconf 87' lang='lat' dir='ltr'><strong>Britanniae</strong></span> <span class='ocrx_word' id='word_1_127' title='bbox 768 2551 958 2632; x_wconf 82' lang='lat' dir='ltr'><strong>Armoricae,</strong></span> <span class='ocrx_word' id='word_1_128' title='bbox 991 2566 1027 2620; x_wconf 86' lang='lat' dir='ltr'><strong>et</strong></span> 
     </span>
     <span class='ocr_line' id='line_1_22' title="bbox 87 2655 1027 2751; baseline -0.017 -21"><span class='ocrx_word' id='word_1_129' title='bbox 87 2661 297 2751; x_wconf 85' lang='lat' dir='ltr'><strong>Aquitanniae</strong></span> <span class='ocrx_word' id='word_1_130' title='bbox 323 2681 396 2724; x_wconf 87' lang='lat' dir='ltr'><strong>oras</strong></span> <span class='ocrx_word' id='word_1_131' title='bbox 409 2660 443 2722; x_wconf 92' lang='lat' dir='ltr'><strong>in</strong></span> <span class='ocrx_word' id='word_1_132' title='bbox 459 2655 579 2734; x_wconf 68' lang='lat' dir='ltr'><strong>Gallis,</strong></span> <span class='ocrx_word' id='word_1_133' title='bbox 606 2681 625 2721; x_wconf 88' lang='lat' dir='ltr'><strong>a</strong></span> <span class='ocrx_word' id='word_1_134' title='bbox 649 2658 768 2741; x_wconf 90' lang='lat' dir='ltr'><strong>quibus</strong></span> <span class='ocrx_word' id='word_1_135' title='bbox 787 2655 936 2745; x_wconf 73' lang='lat' dir='ltr'><strong>Verginio</strong></span> <span class='ocrx_word' id='word_1_136' title='bbox 951 2660 1027 2725; x_wconf 90' lang='lat' dir='ltr'><strong>diri.</strong></span> 
     </span>
     <span class='ocr_line' id='line_1_23' title="bbox 86 2761 1027 2853; baseline -0.002 -17"><span class='ocrx_word' id='word_1_137' title='bbox 86 2773 186 2836; x_wconf 88' lang='lat' dir='ltr'><strong>mitur</strong></span> <span class='ocrx_word' id='word_1_138' title='bbox 199 2769 295 2834; x_wconf 89' lang='lat' dir='ltr'><strong>mari:</strong></span> <span class='ocrx_word' id='word_1_139' title='bbox 320 2765 486 2831; x_wconf 85' lang='lat' dir='ltr'><strong>Britannis</strong></span> <span class='ocrx_word' id='word_1_140' title='bbox 501 2761 574 2828; x_wconf 91' lang='lat' dir='ltr'><strong>olim</strong></span> <span class='ocrx_word' id='word_1_141' title='bbox 593 2763 810 2851; x_wconf 72' lang='lat' dir='ltr'><strong>Momoerdr&#39;gla</strong></span> <span class='ocrx_word' id='word_1_142' title='bbox 825 2765 923 2848; x_wconf 88' lang='lat' dir='ltr'><strong>dicto,</strong></span> <span class='ocrx_word' id='word_1_143' title='bbox 937 2768 1027 2853; x_wconf 92' lang='lat' dir='ltr'><strong>quod</strong></span> 
     </span>
     <span class='ocr_line' id='line_1_24' title="bbox 88 2869 1026 2961; baseline -0.001 -18"><span class='ocrx_word' id='word_1_144' title='bbox 88 2878 270 2946; x_wconf 86' lang='lat' dir='ltr'><strong>derivatum</strong></span> <span class='ocrx_word' id='word_1_145' title='bbox 293 2874 422 2938; x_wconf 86' lang='lat' dir='ltr'><strong>videtur</strong></span> <span class='ocrx_word' id='word_1_146' title='bbox 445 2895 465 2936; x_wconf 86' lang='lat' dir='ltr'><strong>a</strong></span> <span class='ocrx_word' id='word_1_147' title='bbox 489 2869 646 2936; x_wconf 84' lang='lat' dir='ltr'><strong>vocabulo</strong></span> <span class='ocrx_word' id='word_1_148' title='bbox 670 2869 850 2940; x_wconf 87' lang='lat' dir='ltr'><strong>Hibernico</strong></span> <span class='ocrx_word' id='word_1_149' title='bbox 872 2875 1026 2961; x_wconf 78' lang='lat' dir='ltr'><strong>Farrigh,</strong></span> 
     </span>
     <span class='ocr_line' id='line_1_25' title="bbox 88 2976 1027 3072; baseline -0.006 -19"><span class='ocrx_word' id='word_1_150' title='bbox 88 2985 179 3072; x_wconf 91' lang='lat' dir='ltr'><strong>quod</strong></span> <span class='ocrx_word' id='word_1_151' title='bbox 195 2993 246 3049; x_wconf 90' lang='lat' dir='ltr'><strong>est</strong></span> <span class='ocrx_word' id='word_1_152' title='bbox 259 3001 376 3047; x_wconf 89' lang='lat' dir='ltr'><strong>nomen</strong></span> <span class='ocrx_word' id='word_1_153' title='bbox 389 2976 619 3066; x_wconf 76' lang='lat' dir='ltr'><strong>appellativum</strong></span> <span class='ocrx_word' id='word_1_154' title='bbox 647 3001 735 3044; x_wconf 81' lang='lat' dir='ltr'><strong>mure</strong></span> <span class='ocrx_word' id='word_1_155' title='bbox 755 2980 949 3066; x_wconf 84' lang='lat' dir='ltr'><strong>significans.</strong></span> <span class='ocrx_word' id='word_1_156' title='bbox 994 2982 1027 3047; x_wconf 89' lang='lat' dir='ltr'><strong>A</strong></span> 
     </span>
     <span class='ocr_line' id='line_1_26' title="bbox 87 3084 1027 3182; baseline -0.01 -23"><span class='ocrx_word' id='word_1_157' title='bbox 87 3090 320 3178; x_wconf 86' lang='lat' dir='ltr'><strong>septentrione,</strong></span> <span class='ocrx_word' id='word_1_158' title='bbox 333 3108 399 3172; x_wconf 86' lang='lat' dir='ltr'><strong>qua</strong></span> <span class='ocrx_word' id='word_1_159' title='bbox 414 3084 550 3182; x_wconf 73' lang='lat' dir='ltr'><strong>Ultqnia</strong></span> <span class='ocrx_word' id='word_1_160' title='bbox 565 3085 762 3162; x_wconf 83' lang='lat' dir='ltr'><strong>extenditur,</strong></span> <span class='ocrx_word' id='word_1_161' title='bbox 784 3087 976 3170; x_wconf 88' lang='lat' dir='ltr'><strong>Cantyream</strong></span> <span class='ocrx_word' id='word_1_162' title='bbox 991 3085 1027 3150; x_wconf 88' lang='lat' dir='ltr'><strong>in</strong></span> 
     </span>
     <span class='ocr_line' id='line_1_27' title="bbox 90 3190 1029 3278; baseline -0.016 -9"><span class='ocrx_word' id='word_1_163' title='bbox 90 3197 212 3278; x_wconf 67' lang='lat' dir='ltr'><strong>Scotib,</strong></span> <span class='ocrx_word' id='word_1_164' title='bbox 238 3196 404 3264; x_wconf 89' lang='lat' dir='ltr'><strong>Hebrides</strong></span> <span class='ocrx_word' id='word_1_165' title='bbox 424 3192 566 3273; x_wconf 86' lang='lat' dir='ltr'><strong>Insulas,</strong></span> <span class='ocrx_word' id='word_1_166' title='bbox 594 3202 628 3257; x_wconf 92' lang='lat' dir='ltr'><strong>et</strong></span> <span class='ocrx_word' id='word_1_167' title='bbox 653 3190 829 3258; x_wconf 86' lang='lat' dir='ltr'><strong>Islandiam</strong></span> <span class='ocrx_word' id='word_1_168' title='bbox 853 3201 991 3276; x_wconf 77' lang='lat' dir='ltr'><strong>spectat,</strong></span> <span class='ocrx_word' id='word_1_169' title='bbox 1008 3214 1029 3255; x_wconf 83' lang='lat' dir='ltr'><strong>a</strong></span> 
     </span>
     <span class='ocr_line' id='line_1_28' title="bbox 90 3295 1028 3394; baseline -0.01 -21"><span class='ocrx_word' id='word_1_170' title='bbox 90 3308 210 3394; x_wconf 89' lang='lat' dir='ltr'><strong>quibus</strong></span> <span class='ocrx_word' id='word_1_171' title='bbox 240 3304 470 3390; x_wconf 88' lang='lat' dir='ltr'><strong>Hyperboreo,</strong></span> <span class='ocrx_word' id='word_1_172' title='bbox 495 3300 688 3375; x_wconf 87' lang='lat' dir='ltr'><strong>Caledonio,</strong></span> <span class='ocrx_word' id='word_1_173' title='bbox 708 3296 758 3362; x_wconf 84' lang='lat' dir='ltr'><strong>vel</strong></span> <span class='ocrx_word' id='word_1_174' title='bbox 782 3295 1028 3364; x_wconf 86' lang='lat' dir='ltr'><strong>Deucaledonio</strong></span> 
     </span>
     <span class='ocr_line' id='line_1_29' title="bbox 89 3403 1028 3496; baseline -0.01 -16"><span class='ocrx_word' id='word_1_175' title='bbox 89 3414 170 3480; x_wconf 88' lang='lat' dir='ltr'><strong>mari</strong></span> <span class='ocrx_word' id='word_1_176' title='bbox 194 3410 384 3496; x_wconf 85' lang='lat' dir='ltr'><strong>sejungitur.</strong></span> <span class='ocrx_word' id='word_1_177' title='bbox 428 3406 484 3472; x_wconf 89' lang='lat' dir='ltr'><strong>Ab</strong></span> <span class='ocrx_word' id='word_1_178' title='bbox 507 3406 594 3473; x_wconf 90' lang='lat' dir='ltr'><strong>Ortu</strong></span> <span class='ocrx_word' id='word_1_179' title='bbox 615 3404 680 3489; x_wconf 69' lang='lat' dir='ltr'><strong>qud</strong></span> <span class='ocrx_word' id='word_1_180' title='bbox 705 3403 852 3487; x_wconf 79' lang='lat' dir='ltr'><strong>Lagonia</strong></span> <span class='ocrx_word' id='word_1_181' title='bbox 877 3414 946 3469; x_wconf 84' lang='lat' dir='ltr'><strong>tota</strong></span> <span class='ocrx_word' id='word_1_182' title='bbox 966 3416 1028 3483; x_wconf 87' lang='lat' dir='ltr'><strong>est,</strong></span> 
     </span>
     <span class='ocr_line' id='line_1_30' title="bbox 90 3511 1028 3606; baseline -0.009 -20"><span class='ocrx_word' id='word_1_183' title='bbox 90 3531 189 3606; x_wconf 85' lang='lat' dir='ltr'><strong>atque</strong></span> <span class='ocrx_word' id='word_1_184' title='bbox 204 3519 300 3584; x_wconf 87' lang='lat' dir='ltr'><strong>etiam</strong></span> <span class='ocrx_word' id='word_1_185' title='bbox 323 3527 356 3580; x_wconf 88' lang='lat' dir='ltr'><strong>et</strong></span> <span class='ocrx_word' id='word_1_186' title='bbox 379 3514 521 3582; x_wconf 80' lang='lat' dir='ltr'><strong>Ultoniae</strong></span> <span class='ocrx_word' id='word_1_187' title='bbox 546 3524 580 3578; x_wconf 91' lang='lat' dir='ltr'><strong>et</strong></span> <span class='ocrx_word' id='word_1_188' title='bbox 603 3512 780 3577; x_wconf 83' lang='lat' dir='ltr'><strong>Momoniae</strong></span> <span class='ocrx_word' id='word_1_189' title='bbox 794 3533 882 3597; x_wconf 81' lang='lat' dir='ltr'><strong>pars,</strong></span> <span class='ocrx_word' id='word_1_190' title='bbox 899 3511 1028 3592; x_wconf 87' lang='lat' dir='ltr'><strong>Scotiae‚</strong></span> 
     </span>
     <span class='ocr_line' id='line_1_31' title="bbox 90 3617 1030 3714; baseline -0.009 -21"><span class='ocrx_word' id='word_1_191' title='bbox 90 3626 232 3714; x_wconf 84' lang='lat' dir='ltr'><strong>Anglioe,</strong></span> <span class='ocrx_word' id='word_1_192' title='bbox 247 3636 281 3690; x_wconf 91' lang='lat' dir='ltr'><strong>et</strong></span> <span class='ocrx_word' id='word_1_193' title='bbox 295 3621 426 3689; x_wconf 84' lang='lat' dir='ltr'><strong>Walliae</strong></span> <span class='ocrx_word' id='word_1_194' title='bbox 441 3621 640 3696; x_wconf 85' lang='lat' dir='ltr'><strong>obtenditur,</strong></span> <span class='ocrx_word' id='word_1_195' title='bbox 668 3640 687 3682; x_wconf 87' lang='lat' dir='ltr'><strong>a</strong></span> <span class='ocrx_word' id='word_1_196' title='bbox 709 3619 828 3703; x_wconf 91' lang='lat' dir='ltr'><strong>quibus</strong></span> <span class='ocrx_word' id='word_1_197' title='bbox 850 3617 1030 3685; x_wconf 91' lang='lat' dir='ltr'><strong>Hibernico</strong></span> 
     </span>
     <span class='ocr_line' id='line_1_32' title="bbox 91 3724 1030 3821; baseline -0.016 -15"><span class='ocrx_word' id='word_1_198' title='bbox 91 3737 172 3806; x_wconf 86' lang='lat' dir='ltr'><strong>mari</strong></span> <span class='ocrx_word' id='word_1_199' title='bbox 200 3741 381 3821; x_wconf 81' lang='lat' dir='ltr'><strong>separatur,</strong></span> <span class='ocrx_word' id='word_1_200' title='bbox 406 3729 494 3816; x_wconf 91' lang='lat' dir='ltr'><strong>quod</strong></span> <span class='ocrx_word' id='word_1_201' title='bbox 522 3727 633 3804; x_wconf 87' lang='lat' dir='ltr'><strong>Gildae</strong></span> <span class='ocrx_word' id='word_1_202' title='bbox 655 3724 735 3792; x_wconf 90' lang='lat' dir='ltr'><strong>olim</strong></span> <span class='ocrx_word' id='word_1_203' title='bbox 757 3725 851 3792; x_wconf 72' lang='lat' dir='ltr'><strong>uallis</strong></span> <span class='ocrx_word' id='word_1_204' title='bbox 876 3725 1030 3811; x_wconf 77' lang='lat' dir='ltr'><strong>Scythica</strong></span> 
     </span>
    </p>
   </div>
   <div class='ocr_carea' id='block_1_3' title="bbox 0 0 1222 4292">
    <p class='ocr_par' dir='ltr' id='par_1_6' title="bbox 0 0 1222 4292">
     <span class='ocr_line' id='line_1_33' title="bbox 0 0 1222 4292; baseline 0 0"><span class='ocrx_word' id='word_1_205' title='bbox 0 0 1222 4292; x_wconf 95' lang='lat' dir='ltr'><strong> </strong></span> 
     </span>
    </p>
   </div>
  </div>
 </body>
</html>
