2438 4308
179 315 219 382 18
559 337 736 384 niernum.
774 339 779 348 ’

176 490 254 564 Qua
266 512 331 556 non
341 491 390 558 ira
403 492 501 556 marie
515 492 602 578 potis
613 502 675 570 est,
691 501 748 556 aut
758 487 862 556 Eolus
879 489 983 559 undas
1053 491 1056 496 '

175 599 215 664 In
229 620 330 666 naves
341 619 466 666 armare
477 608 597 684 potest.
641 595 709 664 Hie
720 597 828 664 navita
842 593 885 662 ab
899 596 987 662 omui
1003 651 1008 664 ,

176 703 270 771 Orbe
284 704 374 770 vehit
388 725 524 783 meroes,
537 701 664 770 revehit
678 706 798 790 quibus
810 705 936 792 indiget
948 701 1002 768 ille

174 809 245 876 Aut
256 831 315 874 sua
329 821 417 874 terra
430 823 550 896 negat:
572 808 702 876 faueant
717 811 744 874 si
759 809 879 876 oaerula
893 831 1006 896 regna,
1075 809 1122 872 ⁷5

173 912 328 998 Namque
340 913 404 980 iter
417 913 494 982 hine
517 911 640 980 solum:
654 914 781 981 Coelum
803 916 948 1001 undique
968 925 1003 980 et
1021 914 1123 978 undi-

260 1045 326 1109 que
340 1022 477 1090 Pontus.

217 1127 318 1204 Quod
334 1130 363 1196 si
376 1130 461 1196 forte
476 1131 533 1196 diu
547 1130 675 1218 plneeat
689 1132 823 1220 regione
836 1132 965 1209 morari,

173 1237 252 1303 Non
266 1240 393 1324 ingrata
406 1239 477 1318 tibi,
491 1262 552 1305 neo
565 1239 731 1326 inhospita
744 1263 846 1328 regna
859 1241 1005 1319 videbis3
1071 1292 1073 1296 .

174 1347 265 1412 Pene
280 1347 440 1416 domities
456 1349 639 1435 peregrinis
652 1347 773 1435 hospes
786 1349 821 1412 in
835 1349 912 1427 oris,

173 1451 280 1518 Terra
292 1454 482 1540 peregrinos
498 1453 606 1520 studio
620 1452 697 1520 colit
710 1453 765 1519 illa
780 1475 942 1539 supremo.
1072 1453 1117 1518 80

217 1559 345 1626 Littora
360 1558 444 1626 forte
459 1559 567 1647 placet
581 1558 733 1628 lustrari:
754 1561 789 1626 in
803 1559 913 1626 littore
925 1560 1060 1628 conchae

174 1667 393 1747 Gemmit'eroe‚
407 1671 579 1757 piscesque
593 1671 700 1747 maris,
720 1670 885 1756 pretiosus
899 1679 933 1734 et
948 1667 1071 1746 ambnr,

173 1775 305 1860 Quique
321 1786 436 1841 ornant
450 1777 570 1862 digitos
585 1776 685 1842 multo
699 1775 872 1862 splendore
885 1772 1006 1860 lapilli3

173 1881 338 1967 Quodque
349 1882 458 1948 ferunt
468 1882 604 1948 herbam
613 1881 741 1948 mollem
751 1882 842 1968 prius
853 1903 936 1959 esse,
947 1877 1113 1946 corallum.

172 1987 386 2056 Inveniuntur
403 2012 483 2075 opes
497 1993 651 2077 quantaet
675 1990 733 2056 sed
747 2001 891 2057 monstra
905 1989 1028 2054 marina
1071 1989 1115 2052 85

172 2093 224 2160 Te
239 2105 382 2176 terrent3
404 2107 516 2163 nostro
530 2099 703 2185 capiuntur
716 2099 749 2163 in
765 2119 895 2184 aequore
910 2096 992 2162 Cete

79 2189 84 2210 '
173 2200 1115 2290 Grandia,quaequealiofertmonstrasubsequorepontus.

174 2309 305 2388 Ostrea,
320 2310 502 2397 retrogradi
515 2312 635 2390 cancri,
649 2311 843 2398 halecesque
858 2333 919 2396 per
932 2331 1044 2376 omnes

172 2413 330 2500 AEquoris
345 2415 521 2500 anfractus,
536 2418 706 2498 salmones,
722 2419 832 2504 salpa;
847 2419 921 2504 quis
936 2439 1046 2486 omnes

172 2519 376 2589 Enumerare
384 2534 494 2610 queat,
503 2535 583 2609 quot
594 2525 717 2590 habent
727 2525 798 2590 haeo
806 2523 916 2590 littora
926 2523 1054 2608 pisces?
1070 2523 1116 2588 90

172 2627 239 2694 Hic
253 2631 376 2697 medios
390 2633 476 2700 inter
488 2631 574 2699 ludit
587 2629 770 2718 Delphines
785 2631 900 2696 Arion.

215 2733 315 2802 Nune
336 2736 415 2821 iirge
438 2736 550 2816 littus3
579 2738 665 2802 enim
689 2737 785 2802 maris
810 2735 900 2802 unda
924 2733 1115 2801 reverberat

257 2851 350 2906 aestu.

171 2942 348 3029 Neptunus
365 2946 433 3012 sine
443 2947 516 3034 lege
530 2949 607 3027 ruit,
622 2949 700 3016 furit
710 2947 815 3016 Eolus
827 2947 939 3026 Euris,

173 3051 393 3138 Temporibus
408 3053 521 3120 statis:
544 3053 652 3122 ferunt
666 3054 835 3140 Neptunia
848 3077 950 3141 regnu

173 3157 221 3224 Et
234 3158 307 3226 fluit
321 3171 355 3226 et
369 3159 477 3226 'refluit
491 3172 616 3228 nostras
630 3163 726 3237 maris
742 3183 853 3246 aequor
868 3161 904 3227 iu
921 3181 1005 3236 oras,
1071 3166 1113 3224 95

172 3263 313 3351 Hocque
328 3269 442 3355 magis,
455 3292 522 3355 quo
535 3270 633 3355 plena
642 3272 744 3356 magis
754 3272 872 3356 premit
882 3290 1014 3353 aequora
1023 3265 1112 3333 lune.

218 3372 345 3440 Pascua
359 3373 539 3443 delectant:
555 3377 647 3442 haud
657 3400 799 3465 unquam
810 3376 975 3442 Thessala
985 3376 1113 3462 Tempe

175 3477 331 3544 Gramine
345 3478 420 3546 laeta
433 3483 539 3568 magis
554 3481 694 3561 fuerant,
707 3483 761 3550 hio
772 3504 894 3570 pascua
908 3482 1097 3562 abundant;

174 3583 241 3652 Hie
255 3585 351 3652 avido
364 3589 475 3673 pecori
488 3589 550 3653 nisi
565 3611 686 3674 pascua
700 3601 812 3675 pastor
827 3611 954 3653 amoena

172 3690 270 3776 Saepe
284 3693 336 3758 die
350 3693 515 3778 impediat,
531 3694 642 3760 finitur
656 3707 758 3761 morte
773 3695 933 3783 voluptas.
1050 3699 1112 3766 100
