2438 4308
170 293 213 360 80
556 315 731 362 ernanum.

171 490 230 554 per
248 467 496 548 barbarismum,
519 470 562 536 ab
586 466 765 536 Hiberniae
785 489 865 534 voce
887 469 927 534 Ir
949 467 1001 534 vel
1023 468 1113 534 Hiar

174 579 282 663 (quam
296 597 446 643 occasum
460 575 643 662 significare
659 577 831 663 perperam
845 575 975 662 putant)
998 585 1032 641 et
1046 573 1113 640 An·

171 679 257 767 glicia
277 702 355 748 voce
377 683 464 761 had,
488 704 562 768 quae
584 693 708 749 terram¹
727 681 897 769 significat.
944 682 1114 748 Nostrates

172 789 304 874 quidem
318 791 497 856 Irloadiam
508 789 626 856 dictam
638 800 757 876 putant
768 791 810 856 ab
821 789 901 868 Hir,
914 786 1037 854 Milesii
1047 787 1114 854 filio

173 907 207 961 et
220 917 299 962 voce
314 899 401 978 laad,
415 897 509 983 quasi
522 908 610 963 terra
624 896 710 962 Hiri.

241 1005 291 1071 lt.
314 1003 509 1072 Plutarchus
531 1005 565 1070 ia
586 1004 670 1070 libro
692 1005 731 1070 de
741 1003 839 1091 socie
859 1004 893 1068 io
915 1003 991 1070 orbe
1017 1001 1116 1068 Lanae

174 1133 245 1178 eam
272 1109 415 1196 appellat
441 1111 616 1198 Ogygiam,
651 1132 709 1176 sau
743 1110 986 1196 perantiquam
1024 1109 1118 1194 quod

173 1237 304 1296 nomen,
319 1227 403 1282 utet
417 1217 622 1284 Eriomcum
641 1217 790 1303 AEgypto
810 1237 977 1282 commune
998 1214 1118 1282 habuit

174 1321 345 1410 Hybarnia
362 1323 449 1390 unde
469 1346 535 1389 non
556 1324 715 1390 immerito
735 1323 867 1408 quidam
891 1324 1118 1408 conjecturant

174 1430 277 1516 (quod
290 1440 324 1496 et
338 1441 490 1496 constans
503 1441 555 1498 est
574 1431 663 1517 apud
676 1453 736 1496 nos
751 1429 895 1513 traditio)
917 1439 1010 1494 vetus
1029 1431 1118 1495 inter

173 1553 302 1606 nostros
315 1536 393 1604 olim
408 1548 442 1603 at
456 1538 633 1625 AEgyptios
649 1538 872 1605 commercium
887 1533 986 1601 hrisse
1001 1545 1035 1601 et
1048 1535 1119 1602 affl-

174 1646 318 1711 uitatem.
372 1644 597 1711 Traditionem
626 1654 661 1710 et
694 1643 912 1731 conjecturam
945 1641 1118 1708 confirmat

175 1752 264 1836 quod
286 1773 381 1819 vocas
403 1751 555 1837 quaedam
578 1751 667 1837 apud
689 1773 749 1816 nos
772 1761 807 1816 et
829 1749 1006 1836 AEgyptioe
1028 1748 1120 1814 idem

176 1857 369 1944 significent,
391 1869 430 1924 ut
448 1868 499 1924 est
514 1858 585 1924 haec
600 1880 664 1923 vox
677 1881 773 1945 agua,
795 1880 871 1944 quae
886 1855 1066 1924 Hibernice
1082 1868 1119 1922 et

176 1964 313 2052 Coptica
335 1966 421 2032 idem
446 1975 550 2045 sonat,
576 1965 665 2050 quod
687 1976 786 2052 atque
806 1965 936 2043 Latine,
961 1975 1046 2030 teste
1074 1964 1120 2031 cl.

174 2071 287 2138 Lohio
302 2070 335 2136 J.
353 2069 396 2138 U.
409 2070 568 2152 Doctore‚
583 2072 672 2160 apud
687 2071 898 2151 Flahertium‚
921 2082 955 2138 et
974 2072 1120 2160 Coptica

176 2201 215 2244 ac
236 2177 423 2244 Hiberniam
456 2177 577 2266 linguae
602 2179 776 2245 admodum
798 2181 914 2266 perito.
960 2177 1121 2246 Nonnulli

176 2298 285 2352 tamen
298 2295 419 2372 negant
433 2285 645 2352 Plutarchum
658 2309 719 2372 per
734 2287 873 2373 Ogygiae
887 2309 1005 2352 nomen
1024 2285 1121 2352 intel-

174 2391 292 2458 lexisse
307 2392 525 2460 Hiberniam:
546 2393 587 2460 εὸ
601 2392 692 2480 quod
711 2406 799 2459 erret
812 2395 845 2459 in
860 2393 1013 2459 distantia
1030 2393 1120 2460 inter

174 2498 366 2566 Hiberniam
377 2510 412 2566 et
423 2499 644 2566 Britanniam:
664 2499 776 2566 verirm
786 2522 878 2566 error
891 2500 952 2566 iste
963 2522 1027 2565 non
1038 2499 1121 2566 facit

175 2628 242 2691 quo
265 2605 371 2673 minsis
390 2608 634 2675 demonstratio.
666 2606 833 2673 Plutarchi
847 2606 1017 2673 Hiberniae
1032 2629 1122 2672 com-

175 2723 287 2800 petat:
310 2726 345 2779 et
359 2712 572 2782 Plutarchum
585 2717 626 2780 eo
640 2714 703 2781 loci
713 2712 905 2780 Hiberniam
918 2713 1120 2781 intellexisse

175 2841 241 2884 non
261 2819 400 2884 obscure
420 2830 560 2886 testatur
584 2821 771 2886 Camdenus
797 2820 869 2887 loco
894 2821 1120 2908 supracitato

175 2949 210 3012 p.
234 2926 286 2990 51.
343 2924 436 2990 Idem
460 2929 557 2992 sentit
583 2927 732 2993 Slatirius
756 2927 914 3014 Anglicur
940 2937 1037 3014 poeta
1060 2930 1120 3014 qui

175 3033 293 3100 ‹lacobi
307 3033 335 3098 Ι.
352 3030 401 3097 Μ.
417 3032 596 3099 Britanniae
610 3033 713 3120 Regis
729 3036 885 3120 originem
899 3056 941 3099 ex
955 3032 1120 3102 Hibernia

175 3141 354 3220 deducens,
365 3161 436 3206 eam
451 3140 594 3227 appellat
609 3142 771 3229 Ogygiam
786 3141 837 3206 his
852 3142 1020 3206 versibus:

176 3269 224 3333 At
238 3269 388 3354 quoniam
403 3279 509 3334 arctos
524 3269 653 3336 Scotico
667 3267 745 3335 Rex
760 3279 873 3334 noster
886 3268 928 3333 ab
940 3269 1022 3336 orbe

177 3372 249 3441 Nec
257 3374 362 3444 minias
373 3375 518 3442 occiduis
530 3374 714 3462 perhibent,
727 3374 844 3442 Scotus
855 3387 946 3441 ortus
959 3373 1119 3444 Hibernis

177 3483 247 3556 Qui
256 3482 428 3550 Britonum
438 3493 556 3569 parent
566 3483 721 3569 sceptris3
738 3481 816 3548 mihi
827 3505 933 3569 pauca
944 3504 1120 3550 recensens

176 3588 276 3654 Musa
291 3611 351 3676 age
365 3599 400 3655 et
414 3588 560 3676 Ogygios
576 3589 689 3655 Iernos
704 3599 848 3654 reserato
864 3587 1006 3655 colonos.

175 3695 288 3762 Insula
300 3697 443 3782 vergivio
456 3696 576 3761 circum
586 3696 730 3780 undique
746 3696 852 3761 cincta
865 3695 1031 3781 prolundo

126 3799 131 3808 ’
175 3803 261 3876 Quoe
272 3803 378 3870 haeret
392 3801 501 3866 Graiis
516 3801 590 3868 olim
606 3799 748 3889 glacialis
763 3801 868 3868 lerna.
