2438 4308
169 377 210 440 16
547 393 727 442 nmmum.

167 546 426 632 sanctorumque
440 567 559 633 parens
573 545 693 634 legitur
708 546 851 614 fecunda
864 547 1015 614 virorum.

167 653 278 727 Quem
288 651 379 740 priris
393 662 546 718 externos
561 651 874 720 nbvissetHibernis
886 675 992 740 reges,

166 760 353 846 Junotaque
367 770 479 825 nostra
493 757 600 825 forent
614 760 727 826 vicinis
740 783 843 847 regna
858 760 1050 839 Brittannis,

166 867 238 933 Aut
252 868 364 955 Anglo
379 891 447 948 ore,
460 866 570 933 nefas!
591 866 735 934 Irlsndia
749 869 837 934 dicta
851 869 976 934 fuisset.

168 974 237 1039 Sed
251 973 362 1061 potiris
379 974 497 1060 triplici
512 996 626 1060 regum
640 974 682 1040 de
696 977 846 1062 conjuge,
855 975 973 1064 triplex
1066 979 1113 1042 20

166 1081 299 1147 Nomen
313 1081 421 1147 adhue
435 1081 525 1167 genti
539 1091 741 1158 remaneret,
761 1091 799 1146 ut
814 1077 904 1159 Eria,
920 1076 1035 1159 Fodla,

168 1189 296 1270 Banbs,
311 1210 390 1255 sono
404 1189 523 1275 patrio,
534 1187 586 1254 vel
602 1187 712 1252 Scotia
724 1185 844 1272 Major,
854 1196 890 1251 ut
905 1196 980 1251 ante

168 1295 268 1364 Dicta
282 1296 386 1376 foret3
409 1297 455 1361 sie
470 1306 583 1361 nostra
598 1295 671 1372 sibi,
687 1317 761 1359 eum
774 1295 904 1360 nomine
914 1293 1005 1360 Seoti

168 1401 327 1469 Albiones
342 1424 509 1488 nunquam
524 1401 715 1467 tribuissent
729 1409 838 1488 gesta3
853 1422 915 1467 nec
929 1401 1009 1488 ipsis

168 1509 336 1576 Fecissent
343 1510 504 1598 proprios,
514 1531 597 1595 quos
606 1531 671 1574 non
680 1507 849 1594 peperere,
862 1491 1055 1594 triumphos,
1067 1511 1115 1574 25

169 1615 216 1684 Et
230 1627 360 1684 sanctos
375 1617 482 1696 nobis,
493 1640 577 1702 quos
591 1639 658 1682 non
672 1615 829 1703 genuere,
843 1614 1022 1680 dedissent.

213 1724 281 1791 Sed
290 1724 370 1811 qnid
385 1745 448 1810 ego
463 1721 559 1790 brec?
574 1724 662 1810 capit
675 1723 739 1788 ista
753 1745 828 1788 suos
842 1721 960 1807 injuris
974 1720 1093 1788 Divos.

171 1831 263 1896 Gens
278 1830 474 1897 celebranda
488 1829 567 1895 mihi
581 1828 745 1914 quondam
761 1828 926 1893 notissima
939 1827 1062 1894 mundo

157 1939 289 2018 Milite,
303 1960 397 2025 pace,
411 1936 490 2015 fide,
505 1947 602 2002 terrae
616 1933 764 2020 Coelique
775 1933 888 2017 ¹favore

171 2043 391 2122 Admiranda;
407 2064 513 2106 meum
527 2051 577 2106 tot
590 2039 723 2104 laudum
738 2039 882 2105 encomia
896 2050 1037 2105 mentem
1069 2041 1117 2105 30

172 2147 370 2226 Percellnnt‚
386 2146 454 2214 iere
469 2158 506 2214 ut
520 2148 675 2234 ignorem,
691 2151 757 2233 qud
769 2146 878 2213 littore
895 2146 1026 2228 solvam,

171 2255 244 2321 Aut
254 2253 400 2320 de'fonte
415 2253 517 2319 feram
532 2264 695 2320 tantarum
718 2255 854 2320 exordis
868 2258 1000 2320 rerum?

172 2361 257 2428 Utar
272 2371 308 2426 ut
322 2360 377 2427 hic
392 2361 499 2426 verbis
511 2357 658 2447 Peligni·
671 2363 756 2426 ruris
772 2360 902 2443 alumni,

173 2470 195 2505 “
204 2468 283 2535 Non
299 2470 436 2536 sentitur
450 2467 579 2556 hyems,
590 2490 651 2534 nec
663 2467 712 2535 sol
726 2469 863 2534 sentitur
876 2469 910 2533 in
925 2467 1036 2534 aestn.”

215 2578 405 2665 Temperies
420 2587 543 2641 aeterna
557 2575 653 2661 regit,
665 2597 727 2641 nec
743 2597 861 2641 cancer
869 2573 986 2640 adustis
1073 2578 1120 2642 35
1166 2590 1172 2604 ’

173 2689 295 2753 Fronte
310 2687 430 2762 minax,
446 2694 559 2749 aestate
573 2681 660 2747 leves
674 2683 729 2747 bic
744 2693 847 2748 torret
861 2682 988 2758 aristas,

173 2796 245 2861 Aut
258 2775 374 2861 ardore
389 2791 480 2878 gravi
494 2800 664 2855 nascentes
679 2791 832 2877 excoquit
842 2789 974 2856 berbss.

174 2903 240 2968 Hic
253 2901 376 2967 hiemes
390 2897 436 2963 nil
445 2897 529 2984 juris
543 2895 685 2976 habent;
701 2897 809 2983 Caper
822 2898 892 2984 ipse
908 2896 1045 2964 remittit

174 3009 303 3096 Frigus,
318 3020 352 3073 et
366 3008 419 3073 bic
435 3007 546 3072 triduo
561 3006 615 3071 vix
629 3006 744 3093 ningit,
761 3006 895 3092 quando
909 3006 1058 3092 tepescit,

174 3119 245 3186 Aut
258 3113 386 3184 modieis
399 3112 510 3201 pluviis
525 3112 702 3179 solvuntur.
749 3112 916 3197 Aquarius
932 3133 1014 3176 urna
1072 3113 1120 3178 40

173 3225 250 3312 Ipse
267 3223 326 3290 sud
339 3223 453 3287 nimios
468 3242 633 3304 nunquam
649 3241 683 3284 se
700 3217 793 3284 solvit
809 3218 842 3282 in
855 3218 987 3283 imbres.

176 3331 326 3409 Grando,
340 3329 466 3416 pruina,
481 3326 569 3414 gelu,
581 3351 647 3403 ros,
662 3327 846 3414 vespertina
860 3325 911 3392 vel
926 3348 1016 3407 sura,

174 3438 340 3526 Indigenis
352 3458 418 3501 non
433 3447 508 3500 sunt
522 3445 666 3500 meteora
679 3435 788 3512 noxia,
803 3445 838 3499 et
851 3435 922 3518 ipsa

174 3548 248 3614 Nos
262 3545 336 3611 rard
351 3554 475 3610 terrent
485 3544 635 3630 geniture
649 3543 791 3608 tonitrua
803 3539 934 3609 fulmen.

507 3769 522 3800 '
535 3768 574 3820 An
586 3767 676 3820 Italion
684 3767 773 3822 writer.
