2438 4308
14 227 17 304 i

441 349 635 398 uenturum.

14 539 16 614 p
68 501 175 566 Tanta
189 503 275 581 viro,
290 502 340 566 vis
354 501 499 588 eloquii:
521 504 693 573 dulcedine
708 515 842 574 cunctos
902 525 914 538 ·

14 647 16 740 p
69 608 191 687 Allicit,
208 611 310 694 inque
325 610 381 676 illo
396 634 507 681 verum
522 625 574 688 est
588 614 679 698 quod
692 614 789 700 vulgo
804 613 956 690 refertur,

14 749 15 758 κ
72 717 277 782 Grutiorest
288 719 428 802 pulchro
440 723 868 807 venumecorporevmm.
984 737 996 762 ·

14 869 16 926 p
110 822 181 888 Sed
196 845 250 888 me
266 845 335 909 prae
348 823 482 912 reliquis
497 839 554 895 tua
568 831 671 914 major
685 829 804 914 imago,
820 827 957 913 Georgi,

14 947 16 982 ν
70 927 237 1006 Perculit3
260 927 316 992 illa
330 941 452 1014 patres,
468 943 502 996 et
516 955 605 1011 evoe,
620 944 795 1018 atavosque
810 955 870 1018 per
884 954 995 1000 omnes

69 1039 168 1116 Fusa,
185 1061 353 1124 superque
369 1063 502 1106 omnes:
525 1065 650 1128 magnae
664 1055 764 1127 eaput
776 1065 855 1127 ergo
868 1041 1015 1109 futurum

70 1145 293 1224 Posteritatis,
310 1146 450 1226 Adame,
464 1159 530 1214 tuae
541 1175 553 1218 ,ε
577 1163 634 1217 tua
648 1153 789 1218 maxima
802 1153 903 1216 virtus

69 1253 200 1318 Sufficit
213 1252 366 1338 exemplo
380 1257 505 1338 cunctis
519 1281 527 1320 ε
543 1255 605 1328 dla
617 1258 721 1322 ardua
734 1269 768 1322 et
782 1259 897 1343 ingens

69 1363 217 1444 (Damna
232 1361 291 1428 Dii
301 1362 490 1448 prohibent)
505 1365 601 1430 vellet
614 1367 718 1431 minor
732 1365 787 1431 illa
801 1367 903 1432 videri
920 1393 928 1431 :

70 1470 112 1534 Se
127 1469 238 1536 celare
255 1470 329 1547 sibi,
344 1481 378 1536 et
392 1473 517 1539 eunctis
531 1473 688 1557 prodesse
699 1472 842 1540 latendo.

112 1576 208 1649 Quin
221 1575 313 1640 illum
328 1589 396 1642 toto
412 1578 534 1644 divisus
548 1580 590 1645 ab
605 1580 685 1646 orbe
700 1577 877 1644 Britannus
980 1585 983 1592 ’

14 1745 15 1758 ἢ
70 1685 251 1760 Laudavit,
264 1705 381 1769 magno
393 1705 453 1768 pro
467 1683 597 1753 cesare
607 1707 725 1770 magna
736 1696 915 1770 gerentem,

14 1799 16 1856 i
70 1790 237 1876 Magnum
254 1800 435 1866 oratorem3
458 1788 601 1870 laudavit
616 1803 650 1857 et
663 1792 734 1874 ipse
749 1790 907 1868 «Iacobus,

70 1898 155 1964 Tum
171 1919 236 1962 rex
251 1895 472 1982 Angligemim
483 1892 631 1982 {gemmis
646 1919 791 1984 auroque
806 1895 936 1976 decore,

14 2023 15 2094 ζ
71 2005 114 2070 Et
129 2003 210 2070 rard
224 2015 309 2081 arte,
322 2005 382 2069 sub
395 2005 527 2072 donavit
541 2005 692 2090 imagine)
706 2007 734 2070 is
747 2005 872 2090 Anglos
927 2059 929 2066 ,

14 2115 16 2160 i
71 2114 213 2178 Caesaris
227 2113 263 2176 in
277 2121 388 2195 partes
403 2112 512 2178 traxit.
557 2110 633 2176 Fuit
647 2112 886 2176 indereversus

72 2222 234 2296 Quolibet
247 2220 352 2286 officio
364 2219 477 2304 maior,
493 2241 618 2303 parque
630 2220 777 2286 omnibus
794 2219 888 2286 Aulae

70 2329 283 2396 Muneribus.
326 2329 469 2396 Demum
483 2327 613 2392 Latiam
625 2328 792 2413 profectus
806 2330 840 2394 in
854 2328 975 2394 Aulam

74 2437 215 2502 Caesaris
231 2446 305 2500 aeta
319 2457 449 2520 gerens,
464 2445 635 2520 astutoque
649 2448 784 2522 pectora
794 2436 910 2501 Romae

73 2543 268 2628 Purpureas
284 2552 488 2624 patresquos
503 2561 650 2624 purpura
664 2540 760 2604 vestit
774 2550 808 2604 et
822 2561 946 2616 aurum,

73 2649 274 2715 Pontificum
285 2649 510 2727 instrumente,
520 2648 639 2734 quibus
654 2668 716 2712 eeu
727 2643 1016 2721 cardine,mundus

74 2755 240 2829 Vertitur,
255 2753 289 2816 in
304 2775 363 2816 sua
379 2774 474 2817 sensa
488 2752 641 2822 trahens:
666 2750 839 2818 suffecerat
853 2773 938 2818 unus

73 2863 251 2938 Omnibus,
267 2883 286 2924 a
300 2872 390 2929 recto
401 2859 491 2928 nulle
504 2860 655 2928 flexibilis
670 2873 760 2926 arte:

74 2968 177 3032 Hune
188 2987 250 3031 nec
266 2966 362 3044 dona,
372 2967 473 3045 favor,
486 2968 581 3032 timor
595 2979 651 3039 aut
664 2989 870 3052 corrumpere
881 2977 1018 3052 possunt

14 3029 16 3136 i
75 3077 124 3142 Ut
138 3075 245 3140 facilis
261 3077 439 3160 quidquam
449 3074 540 3160 justi
554 3076 596 3144 de
608 3076 680 3161 lege
695 3076 846 3142 remittat.

14 3167 16 3226 i
74 3185 96 3251 J
98 3197 176 3249 usta
191 3184 287 3268 petis,
302 3183 427 3250 facilem
444 3210 452 3262 ;
476 3184 593 3248 durum
607 3185 712 3251 minus
728 3205 822 3268 aequa
835 3183 979 3267 petendo

75 3289 243 3364 Invenies
257 3287 359 3354 mixti
371 3287 538 3355 interdum
553 3288 710 3372 gravitate
724 3286 911 3353 verendum.

75 3395 170 3459 Juris
195 3416 315 3470 amans,
330 3392 492 3478 rigidique
507 3403 606 3464 tenax
621 3403 766 3460 servator
779 3392 920 3469 honesti,

14 3545 15 3570 t
76 3501 189 3566 Firma
203 3499 350 3569 columna
365 3519 460 3584 aequo
470 3501 626 3584 justoque
640 3498 810 3568 immobilis
823 3499 964 3566 haerens.

78 3609 269 3674 Caesaris'et
285 3609 389 3694 Pupoe
403 3609 493 3675 novit
507 3608 706 3693 distinguere
720 3606 822 3693 leges.

14 3669 16 3768 i
120 3715 303 3798 Nunquam
317 3716 436 3782 etenim
450 3713 567 3781 heroes
582 3724 617 3778 et
631 3713 712 3778 recti
723 3714 852 3778 conscia
866 3713 966 3778 corda

80 3819 307 3886 Succumbunt
321 3821 411 3886 oneri
426 3846 434 3899 ;
459 3820 517 3886 sed
532 3819 597 3903 qub
614 3841 683 3884 sors
699 3819 810 3885 durior
824 3831 931 3900 urget,
