2438 4308
548 345 725 394 Eranam.

289 939 606 1018 AUCTORUM
633 935 992 1018 TESTIMONIA.
1042 1050 1043 1053 Ἴ

293 1273 320 1339 l.
344 1271 456 1349 Banu,
473 1271 553 1359 Cap.
569 1277 599 1336 1.
622 1269 783 1336 Historiae
797 1270 998 1360 Anglioaooe.

238 1399 337 1466 “Est
352 1409 457 1465 autem
471 1396 631 1464 Hibernia
643 1399 797 1477 omnium,
809 1410 885 1485 post
901 1400 1124 1483 Britanniam,

172 1509 321 1587 maxima,
337 1508 380 1573 ad
393 1506 592 1574 occidentem
607 1506 740 1593 quidem
754 1507 933 1600 Britannias
948 1511 1042 1577 sita.”

265 1709 434 1786 innocus,
451 1707 527 1772 Lib.
544 1706 641 1773 xlv.
658 1704 740 1791 Cap.
757 1706 789 1770 6.
813 1703 869 1772 De
882 1707 1012 1774 [naulis.

238 1841 259 1870 “
271 1833 381 1901 Scotia
395 1834 511 1900 eadem
525 1845 559 1898 et
573 1831 746 1911 Hibernia,
768 1834 917 1918 proxima
937 1835 1122 1906 Britanniae

171 1939 289 2018 insula,
315 1941 421 2026 spatio
447 1950 607 2005 terrarum
634 1940 813 2026 angustior,
839 1941 896 2006 sed
919 1943 983 2007 situ
1005 1942 1123 2012 fecun-

173 2047 275 2112 dior.”
287 2089 289 2093 -

280 2248 311 2310 2.
335 2243 460 2324 Sumus
475 2243 502 2308 Ι.
531 2243 617 2308 ιῙιιΙὶἱ
631 2244 666 2309 in
678 2245 774 2310 citam
790 2245 825 2310 S.
842 2243 1005 2312 Ramolda'.

238 2379 260 2410 “
272 2371 384 2438 Insula
399 2372 540 2438 omnium
550 2382 710 2438 terrarum
725 2371 823 2459 gleba
837 2371 1037 2438 fecundior.”

174 2539 402 2650 Caunnnuus,
418 2569 541 2637 Dist.I.
558 2570 678 2656 Cap.4.
694 2570 929 2659 Topogroplriae
937 2567 1115 2680 opimo.

237 2707 262 2737 “
272 2699 381 2766 Gleba
394 2700 591 2785 praepingui,
612 2699 770 2784 uberique
785 2696 916 2784 frugum
928 2709 1093 2784 proventu
1108 2729 1116 2780 ;

173 2805 261 2874 saelix
284 2816 372 2871 terra
393 2816 455 2882 est,
474 2815 508 2870 et
537 2803 679 2870 fecunda
703 2804 852 2892 frugibus
878 2829 966 2885 arva,
989 2830 1117 2893 pecore

173 2922 311 2990 montes,
329 2911 408 2978 &03⁹
560 2989 561 2992 Ἴ

238 3017 364 3084 “Idem
386 3015 523 3102 pulchro
548 3026 688 3108 testatur
709 3040 849 3103 sequens
870 3018 1039 3086 Hiberniae
1061 3021 1120 3088 de-

174 3126 308 3212 scriptio
330 3125 365 3189 in
386 3123 453 3190 vita
473 3124 507 3190 S.
524 3123 670 3210 Brigidae
695 3145 737 3190 ex
752 3124 914 3192 Vaticano
929 3127 1118 3214 desumpta,

172 3235 223 3301 his
237 3234 385 3300 versibus
401 3229 647 3320 comprehensa.
961 3239 967 3246 '

227 3406 249 3438 “
258 3399 393 3466 Finibus
408 3401 552 3468 occiduis
567 3401 765 3467 describitur
779 3403 902 3488 optima
917 3402 1015 3470 tellus

300 3507 452 3587 Nomine,
467 3519 501 3576 ot
515 3509 654 3593 antiquis
670 3509 780 3591 Scotia
797 3509 917 3596 scripta
927 3509 1027 3577 libris.
1211 3597 1212 3600 Ἴ

259 3612 371 3684 Insula
384 3613 474 3680 dives
489 3638 599 3702 opum,
614 3635 823 3702 gemmarum,
834 3617 945 3696 vestis,
961 3620 1094 3699 stanni,
1211 3615 1212 3642 ³

244 3780 247 3791 ,
301 3721 480 3788 Commoda
494 3723 695 3808 corporibus,
711 3744 799 3803 aere,
813 3722 894 3804 sole,
913 3724 992 3793 solo.
