2440 4292
614 341 790 408 urrunnu.

542 1082 881 1160 CATALOGUS

279 1293 400 1344 REGUM
417 1293 594 1343 litaturum
612 1293 876 1344 cunouotoolco
893 1291 1140 1342 otussttofflco

606 1401 814 1450 HlS'l'OlthUS.

235 1789 401 1853 Drvnnsm
416 1787 544 1853 diversa
558 1785 705 1872 placens
720 1787 810 1852 hunc
825 1807 966 1865 carmen,
981 1783 1073 1850 illum
1084 1805 1187 1870 proso

235 1897 339 1981 magis
355 1893 516 1974 delectat3
538 1903 640 1980 qu'are
658 1903 695 1959 ut
707 1893 849 1979 {utrique
865 1891 997 1960 Lectori
1019 1891 1186 1957 satisface-

236 2025 306 2068 rem
332 2002 532 2088 praecedenti
561 2000 705 2088 poemati
733 2000 965 2088 Chronoligco,
988 1998 1183 2085 Catalogum

235 2108 324 2173 hunc
350 2106 456 2173 soluta
480 2107 636 2186 eratione,
667 2106 912 2193 adjungendum
941 2106 1033 2172 duxi.
1093 2102 1183 2168 Talis

235 2227 342 2280 autem
367 2225 419 2279 est
432 2213 531 2300 hujus
546 2211 696 2300 Catalogi
717 2213 811 2292 ordo,
834 2223 872 2279 ut
890 2212 1051 2280 Columna
1065 2212 1183 2299 prima,

235 2343 354 2388 annum
381 2321 494 2387 muudi
514 2331 571 2386 aut
599 2319 692 2386 AErae
709 2317 903 2386 Christianae
929 2319 1102 2386 exhibeat:
1138 2341 1185 2384 se-

235 2428 343 2495 cunda
356 2451 469 2516 regum
483 2447 671 2494 numerum:
696 2427 792 2492 tertia
817 2447 989 2494 numerum
999 2428 1184 2512 generatio-

234 2557 314 2599 num
337 2533 379 2598 ab
394 2533 542 2599 Adamo:
569 2543 696 2619 quarta,
726 2555 800 2617 quae
826 2534 969 2598 omnium
993 2531 1090 2600 latior
1122 2545 1184 2608 est,

234 2640 366 2726 Regum
375 2642 517 2718 nomina,
529 2651 563 2705 et
574 2641 601 2704 si
613 2639 693 2725 quid
703 2638 866 2725 singulare
878 2640 1038 2706 occurrit:
1055 2641 1183 2724 quinta,

234 2748 363 2832 stirpes,
379 2747 466 2812 unde
482 2769 577 2833 reges
588 2746 718 2812 oriundi
733 2757 827 2812 sunt:
850 2758 955 2826 sexta,
970 2747 1115 2831 denique
1132 2770 1184 2813 co-

233 2853 354 2932 lumna,
383 2853 496 2920 Annos
525 2853 635 2940 Regni
664 2837 866 2940 singulorum
893 2877 1016 2940 regum.
1073 2852 1182 2920 Porri]

234 2982 310 3025 suos
326 2959 472 3025 Coloniae
486 2959 620 3025 cuilibet
638 2961 870 3046 adscripsimus
893 2982 999 3048 reges,
1022 2981 1183 3028 summam

234 3066 374 3132 omnium
389 3066 432 3129 ad
448 3063 599 3151 Catalogi
614 3066 936 3154 calcemapposituri.
962 3053 966 3062 ⁵
980 3064 1048 3132 Sed
1065 3065 1182 3134 Scoto-

233 3171 422 3238 Hibernicae
438 3169 582 3236 Coloniae
603 3194 698 3257 regas
717 3193 841 3252 omnes,
855 3171 1028 3237 Hibernici
1050 3176 1182 3260 sangui-

231 3281 280 3345 nis
303 3302 321 3347 e
343 3281 448 3345 tribus
470 3277 590 3344 Milesii
612 3278 785 3366 Hispanici
806 3277 882 3344 filiis
907 3278 1057 3357 Hebero,
1081 3279 1182 3346 Heri-

232 3407 338 3463 mone,
362 3383 460 3463 Hiro,
492 3394 549 3449 aut
571 3406 684 3450 eorum
709 3394 890 3470 propatruo
909 3383 985 3449 Itho
1017 3385 1181 3470 originem

231 3492 374 3560 trahunt.
409 3489 551 3576 Reliqua
565 3501 683 3556 notatu
696 3491 807 3577 digna,
823 3492 941 3576 inipso
954 3489 1181 3577 Catalogoad·

231 3600 383 3676 feremus,
397 3609 431 3662 et
445 3598 607 3664 coronidis
622 3598 706 3677 loco,
724 3599 785 3664 toti
800 3600 892 3685 operi
907 3598 1097 3684 adjiciemus
1117 3603 1189 3666 dis-³

230 3707 437 3774 sertatiouem
460 3706 589 3774 unicam
609 3707 651 3772 dc
666 3706 762 3772 variis
778 3705 949 3774 Hiberniae
964 3707 1188 3775 divisionibus*
