2440 4292
171 311 232 378 102
571 334 747 382 arrarum.

167 485 351 553 Germania
363 487 513 573 partibus
528 489 561 552 in
575 493 729 576 magnam
742 489 949 556 Britanniam
964 490 1104 556 devene-

164 603 260 672 runt3
284 595 370 660 unde
385 607 530 682 exparte
545 596 615 681 ejua
630 595 773 674 australi,
793 618 844 662 an.
858 619 946 662 mun.
960 599 1057 675 2657,
1082 599 1104 662 a

164 700 413 768 Nemethiorum
439 701 518 788 fugai
546 703 620 768 412.
646 701 850 780 Hibernium,
876 715 941 768 tam
968 703 1024 769 diu
1045 704 1104 770 de·

164 809 308 890 solutam,
331 822 365 876 et
384 808 562 877 cultoribus
577 833 722 889 vacuam,
745 811 843 877 tertia
861 812 986 878 colonid
1001 813 1103 878 adim-

163 915 316 1004 plerunt3
350 915 499 984 Ducibus
531 915 674 1003 Slangio,
705 915 887 996 Rudricio„
912 920 1099 1006 Sanganno,

164 1024 335 1102 Gananno,
351 1036 385 1090 et
396 1025 527 1105 Ganuo,
541 1026 682 1111 quinque
698 1023 771 1090 filiis
782 1022 878 1091 Delae
890 1024 950 1092 filii
962 1025 1100 1096 Loiehir.

161 1131 203 1197 de
215 1153 353 1217 quorum
364 1133 546 1220 Maioribus
558 1130 694 1199 ulteriira
708 1131 787 1197 mihi
801 1154 867 1197 non
883 1143 1010 1199 constat
1024 1133 1099 1211 nisi,

161 1238 250 1324 qudd
279 1240 399 1307 fuerint
427 1242 485 1305 viri
508 1238 632 1326 Belgae.
688 1237 899 1325 Appulerunt
927 1248 1044 1326 autem¹
1060 1239 1095 1302 in

161 1344 323 1413 Orientali
337 1347 506 1414 Hiberniae
520 1361 614 1444 parte
633 1346 675 1412 ad
691 1345 904 1423 Wexfordiae,
919 1357 952 1411 et
960 1344 1097 1411 Arklom

159 1466 284 1538 portus,
306 1458 396 1542 quod
418 1457 574 1534 ostendit,
595 1478 651 1521 eos
668 1453 894 1543 probabiliter,
909 1477 951 1519 ex
966 1454 1097 1519 Britan-

159 1562 218 1627 nia
235 1561 389 1628 solvisse:
413 1563 535 1649 quippe
554 1563 661 1629 brevia
683 1562 729 1627 ibi
752 1584 795 1628 ex
818 1561 951 1628 auatrali
965 1560 1097 1626 Britan-

47 1683 60 1706 *
149 1666 212 1734 *nit
226 1669 259 1732 in
277 1667 467 1736 Hiberniam
481 1670 636 1755 trajectus
651 1679 711 1734 est.

222 1774 270 1838 Et
287 1777 431 1860 quamvis
454 1786 523 1840 tota
545 1775 616 1840 haec
638 1774 765 1840 colonia
788 1775 948 1854 communi
969 1773 1096 1839 Firbol·

158 1881 666 1968 gorum,autBelgarumnomine
674 1883 793 1960 veniat,
807 1903 850 1948 ex
860 1880 977 1967 triplici
985 1892 1095 1946 tamen

155 1998 253 2074 gente
274 1989 456 2069 constabat,
476 2009 592 2073 nempe
607 1987 743 2074 Belgici
757 1987 879 2065 stricte,
901 2011 975 2072 quae
989 2009 1031 2052 ex
1046 1988 1095 2050 in-

155 2097 272 2162 feriore
299 2096 475 2161 Germania
497 2097 531 2161 in
555 2096 754 2162 Britanniam
778 2097 924 2181 trajecit:
949 2096 1095 2162 Damno·

151 2201 215 2281 nit,
230 2202 282 2267 vel
298 2199 499 2270 Damnonioi
507 2225 582 2289 quae
593 2204 625 2268 in
637 2201 806 2269 Britannia
822 2208 896 2268 ante
910 2202 1092 2280 habitabat,

153 2322 188 2376 et
206 2310 373 2376 Gallieno
396 2309 448 2375 vel
462 2309 613 2378 Gallenid
638 2334 681 2376 ex
705 2311 793 2376 urbe'
813 2307 965 2395 primarii
979 2309 1092 2375 Attre-

152 2419 314 2504 batiorum
337 2416 493 2484 Gallena.
513 2419 691 2504 antiquitus
723 2418 821 2497 dicta,
847 2416 994 2496 oriunda,
1025 2417 1090 2482 vid.

152 2527 296 2595 Flahert.
324 2549 400 2614 pag,
430 2528 479 2592 14.
538 2525 588 2594 Ac
616 2527 737 2605 neseio,
771 2523 839 2611 quai
875 2548 984 2592 rerum
1014 2547 1092 2590 eon·

146 2635 314 2719 junctione
345 2636 406 2700 sub
429 2635 600 2718 Belporam
625 2636 659 2699 in
680 2633 842 2698 Hibernia
868 2642 1025 2716 tempora,
1056 2633 1091 2696 in

152 2742 251 2805 citato
261 2741 328 2824 jam
343 2738 514 2804 Hiberniae
528 2752 691 2825 poemate,
713 2739 912 2806 Amazonum
928 2736 985 2802 fiat
999 2731 1090 2802 men.-

152 2848 197 2910 tio
208 2849 221 2910 1
233 2869 274 2910 an
289 2845 373 2910 forte
388 2848 484 2911 etiam
496 2848 557 2912 sub
572 2848 607 2912 id
621 2859 747 2933 tempus
756 2844 959 2911 Amazonum
968 2866 1089 2910 nomen

151 2953 223 3016 orbi
239 2953 400 3018 innotuit?
423 2964 456 3017 et
478 2953 610 3038 quidem
623 2953 815 3020 Hiberniam
839 2966 916 3019 tunc
932 2953 1088 3038 temporis

151 3058 329 3126 cultoribus
353 3060 465 3124 orbam
490 3081 556 3124 non
579 3059 679 3126 fuisse
705 3061 848 3126 ostendit
871 3061 942 3144 ejus
965 3059 1088 3124 mentio

150 3164 235 3246 facta
244 3168 277 3232 in
287 3167 572 3252 sirpo-Nautarum
586 3167 806 3252 expeditione,
823 3176 906 3232 teste
915 3163 1088 3230 Hadriano

148 3273 171 3338 J
172 3275 259 3352 unio,
268 3274 458 3341 Hiberniam
473 3275 518 3346 ita
526 3274 568 3339 de
584 3296 619 3340 se
632 3273 822 3360 loquentem
835 3274 1074 3339 introducente.

164 3427 186 3457 ‘⁸
201 3422 270 3487 [tta
285 3444 345 3512 ego
361 3445 431 3489 sum
450 3422 563 3488 Graiis
578 3421 652 3487 olim
663 3423 819 3508 glacialia
833 3422 937 3499 Ierne,

189 3527 303 3607 Dicto,
319 3547 354 3596 et
366 3531 505 3596 [oronim
519 3531 638 3616 puppis
652 3531 736 3596 bene
757 3530 886 3615 cognita
899 3527 1035 3592 mutm.'’

147 3679 300 3764 Reliqua,
314 3702 388 3764 quae
403 3691 593 3765 sequuntur,
615 3679 687 3767 lege
702 3681 736 3744 in
751 3703 825 3766 pag.
846 3686 899 3750 51.
938 3678 1088 3764 Contigit
