2438 4308
492 349 668 398 uisurum.
1010 331 1054 394 83

164 505 249 570 Cum
263 525 344 588 ergo
356 501 521 570 Santicum
532 525 650 572 nomen
662 504 762 590 genti,
776 525 837 568 seu
851 501 974 589 populo
990 501 1057 568 Hi-

107 612 240 678 demieo
259 611 450 696 priusquam
467 609 588 678 lusuloe
614 611 800 690 adhaeserit,
827 610 1056 696 inquirendum

107 719 277 801 quomodo
290 717 353 784 hoc
365 718 413 782 eis
427 739 545 784 nomen
556 718 728 804 obtigerit?
738 739 780 784 an
791 741 811 784 a
824 718 922 783 Scuto
933 716 1057 784 Phara-

109 827 183 891 onis
195 823 334 912 AEgypti
350 826 435 911 regis
445 824 524 904 filis,
535 835 573 890 ut
586 825 679 892 multi
693 837 855 892 nostrates
870 824 998 903 volunt3
1015 847 1057 890 an

110 931 322 1016 verbagente
331 927 483 1014 Scythici
494 951 537 996 ex
544 928 611 1014 qus
618 928 759 1016 primirm
768 927 1058 998 Hibemiedrene-

111 1049 190 1102 runt
203 1035 216 1099 i
260 1037 454 1122 Priusquam
467 1047 607 1103 mentem
620 1059 725 1102 meam
736 1037 798 1103 hao
816 1058 915 1122 super
930 1057 966 1100 re
981 1057 1058 1122 ape-

112 1146 208 1222 riam,
234 1146 369 1212 adverto
394 1168 437 1211 ex
456 1144 623 1212 Flahertio
648 1156 761 1211 nostro
786 1147 822 1210 in
845 1145 1058 1229 scriptoribus

114 1252 232 1336 patriis
248 1252 385 1318 duarum
399 1251 568 1318 Scotorum
591 1273 636 1318 ex
652 1252 802 1339 AEgypto
822 1252 975 1327 (laidem,
1001 1271 1060 1314 seu

4 1421 5 1462 ᾗ
113 1357 304 1425 habemus
328 1360 435 1444 gentis
463 1359 718 1444 genetrioioium.
777 1359 918 1425 Primam
946 1357 1061 1422 dieunt

4 1469 5 1512 i
116 1466 447 1532 Pharaonieiadarati
458 1476 491 1531 et
504 1467 595 1530 rubri
605 1466 702 1531 maris
712 1465 866 1533 flucfibus
881 1466 991 1532 obruti
1001 1464 1062 1528 flli-

117 1595 171 1636 am
188 1583 223 1638 et
240 1572 370 1638 Gaideli
384 1572 487 1638 nostri
501 1583 647 1651 matrem,
667 1595 742 1657 quae
757 1571 908 1656 Moysem
920 1594 1014 1636 suam
1024 1573 1059 1634 in

117 1679 266 1756 tutelam,
275 1680 434 1765 suscepit
444 1679 592 1746 Alteram
602 1680 743 1747 verbalii
759 1679 871 1746 volunt
881 1701 954 1744 esse
961 1676 1061 1742 filiam

4 1805 5 1812 ¹
118 1785 283 1854 Pharonis
306 1787 444 1854 Siruedia
468 1787 521 1852 vel
538 1789 643 1875 sing,
667 1785 810 1865 Milesio,
834 1784 1060 1852 Hibernorum

4 1933 6 1950 ι
117 1893 230 1960 Satori
243 1905 378 1980 nuptam
393 1904 427 1959 et
441 1895 475 1958 in
482 1892 645 1980 Hispania
658 1895 881 1972 demortuam
905 1893 959 1958 alii
974 1890 1060 1957 Pha·

116 2002 226 2068 raonis
237 2003 434 2068 Neotottibus
447 2000 547 2068 filiam
561 2001 693 2081 faciunt,
721 2003 899 2087 dicuntque
926 1999 1014 2064 illam
1027 1999 1062 2061 in

117 2105 293 2185 Hibernisi,
308 2107 392 2172 lilios
418 2129 493 2172 suos
509 2106 585 2174 illuc
611 2109 890 2185 concomitantem,
910 2106 1060 2172 occisam.

119 2213 268 2280 Priorem
282 2211 368 2278 illam
383 2213 515 2278 Sootam
529 2213 677 2299 plerique
696 2237 741 2280 ex
755 2217 914 2300 majorum
935 2221 1063 2278 nostro-

117 2345 191 2388 rum
202 2322 279 2388 albo
296 2333 502 2407 expungunt,
521 2322 605 2388 inter
619 2346 702 2408 quos
722 2334 781 2400 ast,
799 2345 886 2406 raepe
909 2319 1062 2384 laudatus

119 2429 317 2496 Flahertius
372 2430 440 2494 Alii
461 2450 532 2496 eam
558 2440 744 2495 constanter
770 2437 929 2503 asserunt,
959 2437 996 2489 ut
1020 2424 1058 2487 P.

121 2537 310 2604 Bruodinus
326 2537 436 2604 etalii.
480 2535 666 2604 Secundam
680 2535 811 2600 Sootam
832 2533 966 2597 dubiam
986 2530 1063 2594 facit

120 2647 304 2712 Auctorum
323 2644 540 2732 discrepantia
559 2645 593 2710 in
609 2642 780 2709 Pharaone
799 2642 871 2726 eius
885 2649 992 2724 patre,
1006 2639 1063 2721 qui

119 2767 241 2832 tamen,
264 2754 330 2816 sive
342 2753 539 2832 Nectimus,
560 2752 612 2820 vel
634 2752 845 2830 Neotonibus,
867 2750 933 2815 sive
955 2748 1064 2831 Silng,

118 2861 216 2926 modi>
233 2861 380 2925 Solimon
395 2872 432 2925 ut
444 2861 568 2940 dicunt,
585 2884 711 2928 caeevus
723 2860 832 2937 fuerit,
844 2856 924 2926 nihil
939 2858 1060 2932 obstat,

120 2966 293 3051 quominus
319 2964 390 3031 haeo
419 2969 564 3032 secunda
596 2967 706 3045 scota,
741 2965 864 3032 Milesii
892 2961 1064 3048 Hispaniei

121 3073 343 3136 Hibernorum
365 3073 489 3137 Satoris
512 3084 546 3138 et
568 3073 725 3138 notissimi
746 3084 823 3137 tunc
841 3071 951 3135 herois
979 3090 1063 3132 uxor

119 3203 191 3246 esse
201 3182 316 3266 possit.
350 3179 486 3260 Verum,
504 3181 643 3268 utrisque
658 3180 714 3247 illa
725 3178 825 3247 Scotri
838 3174 990 3253 admissis,
1006 3199 1061 3239 os-

123 3293 230 3358 tendit
244 3289 289 3354 D.
306 3290 450 3356 Flahert.
467 3312 510 3356 ex
520 3291 663 3376 Ketingo
683 3300 717 3354 et
736 3289 892 3395 Uomano,
910 3296 1058 3350 neutram

122 3403 212 3490 genti
238 3400 296 3464 sed
318 3410 449 3486 gentem
470 3396 532 3462 illis
554 3398 713 3464 Sooticum
737 3415 855 3460 nomen
883 3393 1058 3459 indidisse:

4 3559 5 3582 p
123 3505 213 3590 quod
229 3514 367 3588 utraque
383 3502 504 3568 Scotiei
514 3503 643 3588 generis
666 3501 784 3566 marito
807 3523 893 3586 uxor?
905 3497 1059 3565 extiterit.

4 3639 5 3656 ²
123 3611 244 3686 Prima,
275 3607 379 3674 Niulo
406 3608 586 3674 Pharaonis
613 3606 810 3683 Cdeacridis,
838 3604 890 3670 vel
920 3603 1078 3669 indurati¹

125 3717 258 3786 Genero
279 3716 413 3801 (Fonteii
437 3715 595 3800 Principis
623 3714 665 3780 ad
696 3715 808 3780 turrim
832 3709 1065 3796 Babylonicum
