2412 4292
497 349 674 404 murnum.
994 337 1055 402 211

115 524 181 596 que
203 508 248 575 ab
273 527 386 576 eorum
399 507 501 577 'obitu
517 533 622 596 usque
641 511 685 576 ad
697 509 770 576 haec
781 519 894 574 nostra
906 518 1055 593 tempora

115 620 158 684 sb
172 620 260 685 omni
274 619 450 686 alienarum
463 624 607 708 gentium
616 623 752 688 incursu
765 619 869 685 libera
877 615 1054 704 permansit

114 735 149 790 et
162 727 365 794 inconcussa.
395 729 491 807 Item,
507 729 681 810 Hibernia,
696 729 865 808 Romanis,
876 728 975 792 etiam
990 723 1054 791 Or·

112 833 232 898 cadum
247 834 432 901 Insularum
446 836 634 902 Dominium
654 838 851 917 tenentibus,
875 837 1053 907 inaccessa,

112 963 281 1026 nunquam
317 955 463 1010 externae
499 945 661 1030 subjacuit
690 945 813 1010 ditioni.
881 929 1052 1007 consentit

112 1047 298 1136 Polydorus
313 1052 471 1140 Virgilius
495 1055 528 1119 in
542 1053 682 1138 Anglica
697 1049 863 1116 Historia:
886 1045 1051 1112 Henricus

111 1179 172 1222 rex
190 1157 363 1224 destinavit
384 1162 490 1226 animo
503 1161 636 1226 domare
651 1156 860 1224 Hiberniamz
876 1167 945 1220 tum
958 1151 1050 1240 quod

110 1263 243 1350 Angliae
257 1267 403 1350 proxima
428 1278 489 1347 est,
509 1277 578 1333 tum
592 1268 669 1354 qnia
682 1265 789 1332 Gallis
803 1265 880 1331 inde
899 1261 1051 1329 adminis-

109 1384 198 1438 trata
221 1375 340 1459 saepius
366 1374 485 1440 auxilia
506 1374 727 1462 intelligebat3
749 1375 889 1460 ideoque
903 1394 923 1437 e
936 1393 972 1436 re
988 1367 1049 1434 sud

108 1480 250 1544 maxime
264 1477 333 1552 lore
348 1481 502 1564 ducebat,
525 1483 553 1547 si
566 1483 709 1548 Insulam
730 1503 895 1567 nunquam
910 1478 978 1543 l'ere
992 1499 1050 1541 an-

106 1599 161 1651 tea
171 1589 317 1668 externis
332 1591 429 1655 armis
442 1600 591 1656 vexatam
606 1592 783 1678 subigeret.
843 1586 945 1662 Quod
959 1585 1050 1650 teati-

106 1693 252 1758 monium
267 1696 363 1760 etiam
382 1696 563 1776 confirmat,
578 1721 652 1783 quae
675 1720 776 1782 supra
795 1695 980 1781 scripsimus
994 1713 1049 1756 oc-

105 1801 237 1866 casione
261 1803 396 1867 nominis
411 1803 531 1869 Scott'oe
545 1827 577 1890 p.
593 1804 645 1871 70.
693 1803 785 1869 Audi
807 1803 873 1868 huc
896 1797 945 1866 Cl.
962 1797 1048 1865 Ver-

102 1905 257 1985 nulaeum,
281 1931 310 1973 c.
334 1912 376 1974 2..
411 1909 571 1995 Opusculi
587 1911 629 1976 de
644 1911 878 1997 propagatione
892 1908 971 1974 fidei
985 1929 1045 1993 per

103 2011 273 2079 Hibernos
287 2014 321 2079 in
336 2014 463 2101 Belgio.
507 2021 530 2052 “
546 2018 717 2098 Hibernia,
739 2017 854 2104 inquit,
870 2037 930 2082 nec
946 2015 1048 2084 Fran·

100 2141 226 2200 corum,
237 2143 297 2188 nec
313 2120 412 2188 ullum
427 2134 598 2191 externum
608 2123 787 2212 Imperium
793 2145 936 2211 unquam
946 2143 1045 2210 passa

103 2227 187 2292 est.”

168 2333 269 2408 Quod
285 2337 312 2399 si
326 2357 394 2400 rem
415 2336 518 2422 ipsam
532 2337 692 2404 dictorum
703 2340 770 2422 jam
791 2339 968 2404 Tantorum
987 2358 1044 2401 vo-

100 2441 195 2507 cibus
208 2441 410 2528 designatam
421 2445 618 2529 perpendas,
633 2442 756 2508 nullum
770 2443 913 2508 invenies
928 2442 1041 2507 discri·

100 2570 176 2614 men
197 2549 281 2614 inter
301 2549 373 2630 has,
388 2562 498 2635 'atque
528 2573 584 2617 eas
607 2549 781 2636 dignitates
804 2549 942 2636 aprima
957 2549 1041 2612 inter

99 2677 157 2720 eos
172 2677 286 2741 regum
299 2658 501 2722 institutione
516 2657 694 2723 traductas.
719 2693 721 2702 =
740 2655 831 2729 Quid
845 2654 930 2720 enim
951 2652 1041 2718 eliud

97 2760 245 2827 referunt
265 2762 507 2828 Provinciamm
525 2762 637 2848 Reges
658 2762 720 2827 sub
735 2758 926 2839 Monareha
942 2781 1040 2846 quam

100 2868 226 2934 duces?
248 2853 513 2954 quid'Ditionum
528 2871 650 2958 Reges,
675 2871 773 2955 quam
794 2869 957 2936 Comites?
983 2881 1040 2936 aut

99 2977 180 3063 quid
194 2977 364 3063 Dynastae,
376 2999 473 3062 quam
488 2978 657 3045 Baroncst
684 2979 821 3045 Comites
830 2977 893 3044 hac
913 2979 1038 3042 ratione

99 3085 238 3151 ducibus
253 3086 449 3171 quibusdam
464 3088 623 3166 subditos,
644 3097 677 3152 et
693 3085 874 3153 Comitibus
889 3083 1036 3148 Barones

97 3188 275 3274 antiquitdr
296 3190 331 3255 in
352 3181 506 3276 Imperio,
532 3200 566 3256 et
588 3189 666 3256 alibi
687 3213 753 3254 non
777 3189 940 3254 insuetum
965 3188 1035 3252 fuit.

97 3290 209 3378 Atque
224 3293 258 3357 in
272 3292 360 3359 hunc
383 3315 512 3359 sensum
532 3294 706 3380 scriptores
728 3289 900 3376 aliquando
914 3289 1036 3358 Subre-

97 3421 177 3486 gum
191 3413 376 3467 nostrorum
391 3402 577 3489 dignitates,
587 3423 647 3486 pro
661 3397 795 3464 aliarum
809 3399 953 3484 gentium
967 3399 1034 3466 ritu

94 3508 276 3587 metientes,
305 3508 359 3574 alii
386 3508 536 3585 Comites,
565 3507 620 3572 alii
641 3505 819 3592 principes,
847 3503 901 3571 alii
922 3503 1033 3574 Duces

93 3614 166 3684 illos
190 3616 409 3704 appellarunt.
454 3615 531 3683 Vid.
558 3612 700 3680 Flahert.
720 3613 812 3699 p.29
834 3613 939 3680 etto.
984 3613 1032 3680 Et

94 3723 227 3811 quidem
247 3725 290 3796 de
303 3721 424 3797 Carolo
445 3723 632 3805 O’Connor,
656 3745 734 3811 rege
761 3721 944 3894 Cpnnactioe
958 3743 1032 3807 pro·

746 3847 771 3895 u
