2412 4292
168 311 233 378 204
550 334 728 382 arsurum.

167 483 458 571 quomodocunque
472 484 547 552 illuc
562 488 718 565 homines,
733 495 788 552 aut
804 485 951 552 animalia
966 479 1112 571 primrim

168 591 374 678 appulerint3
408 593 497 678 quod
520 595 707 660 examinare
733 592 831 680 hujus
856 617 922 661 non
947 602 999 658 est
1023 591 1113 669 loci;

168 713 269 784 quare
285 723 369 766 nunc
393 701 435 765 ad
458 703 669 787 propositum.
714 700 832 786 Itaque
855 700 1028 776 Hibernia,
1054 697 1115 762 In-

170 807 312 874 sularum
338 811 457 874 veteris
481 811 580 888 orbis,
606 819 683 894 post
710 805 919 886 Britanniam,
945 806 1112 883 maxima;

168 929 319 1001 respectu
342 917 417 982 coeli
440 919 501 983 sita
529 929 579 983 est
607 920 691 982 inter
718 917 889 1002 Tropicum
917 916 1047 992 Caneri,
1076 921 1113 977 et

167 1022 321 1088 circulum
335 1025 480 1110 polarem
494 1027 646 1092 arcticum
660 1052 667 1104 ;
686 1025 742 1091 sci.
756 1026 888 1111 agradu
899 1023 951 1090 51.
963 1020 1113 1087 latitudi-

168 1129 217 1193 nis
240 1132 400 1216 usquead
417 1133 478 1211 57;
500 1133 546 1197 ita
568 1143 678 1198 tamen
699 1142 737 1196 ut
758 1133 866 1216 ipsum
882 1133 934 1194 51.
961 1127 1020 1194 Gr.
1038 1150 1111 1193 me·
1196 1187 1197 1190 ,

168 1239 256 1303 dium
266 1238 334 1304 fere
348 1251 444 1309 secet.
468 1241 656 1328 Longitudo
671 1242 741 1326 ejus
754 1240 840 1306 inter
850 1243 880 1302 8.
897 1237 948 1300 41.
965 1234 1110 1321 longitu-
1196 1237 1197 1268 ³

167 1345 252 1413 dinis
277 1349 419 1433 gradus3
442 1350 487 1414 ita
508 1351 604 1416 etiam
629 1361 667 1414 ut
689 1360 863 1434 utrumque
893 1345 936 1410 ad
964 1343 1111 1408 medium
1196 1391 1197 1420 ,

168 1451 234 1516 fere
262 1455 431 1519 subintret.
476 1453 598 1539 Atque*
613 1457 658 1520 ita
680 1455 850 1541 longitudo
873 1450 1043 1515 Hiberniae
1063 1450 1109 1513 ab
1196 1503 1197 1506 ,

167 1558 292 1626 Austro
306 1562 341 1628 in
354 1561 493 1627 Boream
507 1563 587 1642 toa
611 1562 750 1629 latitudo
766 1562 842 1628 verb
871 1562 913 1625 ab
934 1561 1058 1625 oriente
1073 1559 1111 1622 in

167 1670 380 1746 occidentem,
407 1673 470 1736 286
501 1670 652 1736 Milliaria
679 1671 904 1756 complectitur
932 1677 965 1731 et
994 1687 1110 1730 conse·

166 1792 303 1862 quenter
314 1779 385 1863 ejus
395 1781 546 1858 ambitus,
562 1780 692 1846 inclusis
709 1776 945 1865 promontoriis,
961 1771 1109 1838 milliaria

167 1885 344 1949 continebit
361 1885 456 1952 1400.
472 1888 535 1951 vid.
552 1886 678 1952 Bruod.
694 1885 717 1951 l.
730 1894 761 1964 5,
778 1906 807 1949 c.
825 1883 856 1960 7,
873 1881 915 1946 de
935 1877 1109 1945 Hiberniae

166 1991 358 2057 nominibus.

231 2095 351 2161 Errant
377 2098 489 2185 igitur,
519 2111 576 2165 aut
604 2122 714 2165 errare
743 2097 856 2164 volunt
886 2095 1108 2171 Cambrensis,

168 2200 363 2282 Camdenus,
379 2226 555 2292 eorumque
574 2207 749 2291 Sequaces,
772 2207 829 2291 qui
853 2203 1049 2270 Hiberniam
1065 2224 1109 2266 ex

168 2310 298 2375 semisse
313 2307 434 2398 anglia
455 2313 609 2379 minorem
635 2323 793 2379 statuunt.
838 2309 1022 2387 Sulivanus,
1038 2308 1110 2374 alii-

167 2439 232 2501 que
258 2419 383 2484 cordati
410 2419 528 2488 Gentis
558 2432 678 2487 nostrae
694 2419 888 2506 Scriptores,
903 2416 1111 2483 licetHiber-

167 2527 251 2591 niam
278 2527 449 2594 Britannia
478 2532 547 2596 tota
561 2532 716 2595 minorem
729 2538 917 2614 agnoscant,
935 2523 1046 2591 Scotiri
1060 2535 1109 2590 ta-

167 2655 240 2699 men
255 2631 449 2700 Albiouensi
470 2636 574 2701 multi>
596 2637 760 2721 majorem,
782 2657 841 2700 nec
864 2632 985 2719 Anglia
1001 2632 1110 2697 mino·

166 2763 235 2806 rem
250 2741 481 2807 demonstrant.
518 2743 723 2829 suffragatur
732 2739 859 2807 Tabula
871 2737 1107 2820 chronologica

168 2845 283 2910 Romae
298 2847 386 2911 edita
400 2845 496 2912 Anno
513 2849 604 2913 1667.
651 2850 698 2914 Et
712 2849 801 2913 certe
818 2846 1017 2934 perillustris
1033 2848 1108 2914 Fla-

167 2952 302 3030 hertius,
319 2953 545 3018 exactissimus
575 2965 608 3020 et
630 2955 844 3040 peritissimus
860 2976 967 3020 rerum
983 2952 1108 3020 Hiber-

114 3145 115 3150 *
167 3061 312 3126 nicarum
334 3058 483 3144 Scriptor
510 3060 544 3124 in
571 3059 630 3124 sua
654 3059 794 3148 Ogygiae
817 3058 939 3138 Insula,
962 3082 1030 3148 pag
1057 3061 1106 3127 17.

167 3169 361 3234 Hiberniam
387 3165 559 3232 Britannici
581 3169 761 3252 quadrante
787 3167 913 3234 tantrim
938 3169 1106 3247 minorem,

169 3276 279 3343 Scotisi
301 3277 378 3343 verri
407 3299 448 3340 ex
472 3277 587 3340 triente
611 3277 780 3362 majorem:
805 3287 838 3341 et
867 3273 1005 3360 utrisque
1032 3273 1108 3341 olim

169 3383 409 3468 Episcoporurn
430 3393 463 3446 et
486 3381 817 3468 Archiepiscoporum
833 3405 967 3448 nurnero
983 3385 1108 3467 superi·

169 3511 258 3554 orem
280 3491 411 3554 statuit:
435 3499 468 3553 et
494 3511 564 3553 eam
590 3491 632 3554 ab
659 3487 782 3554 Austro
809 3490 852 3554 ad
876 3490 1016 3555 Boream
1031 3490 1105 3555 200.

169 3592 322 3662 Milliaria
336 3615 487 3660 mensores
501 3596 687 3660 Hiberniam
710 3596 743 3659 in
766 3596 856 3661 recta
876 3593 962 3660 linesi
975 3605 1108 3681 proten-

56 3743 60 3750 ·
170 3724 238 3768 sam
261 3700 388 3764 scribit:
412 3709 446 3762 et
469 3700 510 3763 ab
535 3698 621 3764 Ortu
649 3699 683 3762 in
708 3698 872 3764 Occasum
898 3698 1105 3764 transversim

173 3806 255 3884 1203
271 3804 364 3870 addit
372 3803 456 3869 diem
467 3801 677 3872 Solstitialem
692 3807 810 3886 cancri,
828 3829 886 3874 seu
898 3807 975 3872 anni
988 3803 1106 3891 longis-
