2440 4292
479 333 653 382 HIBMA.

171 629 202 686 2.
227 641 272 686 oa
288 641 538 687 nnuurfflonuu
553 639 589 686 tn
606 639 784 700 manuum,
809 641 963 687 couoma.

143 812 241 878 Anno
257 813 376 878 Mundi
403 813 501 893 2029,
526 835 547 877 a
571 813 739 880 vocatione
756 813 902 882 Abrahae
918 823 938 882 5
954 827 1028 882 ante

34 1005 39 1012 ι
91 928 199 985 natum
213 919 375 986 «iacobum
398 921 450 986 80.
467 920 674 1001 Nemethius,
700 922 751 988 vel
765 922 935 989 Nemedus
962 923 1031 1007 (ou-

85 1027 138 1110 jua
160 1026 352 1113 genealogia
373 1027 407 1091 in
422 1027 594 1093 Schemate
609 1030 815 1114 proponitur,
841 1051 884 1094 ex
913 1031 1028 1095 eadem

90 1135 151 1218 qui
176 1129 406 1214 Partbolanus,
430 1135 580 1222 Regione
604 1136 762 1201 oriundus
784 1145 821 1200 ut
844 1139 1029 1222 propinqua

88 1261 197 1305 eorum
209 1241 353 1308 ostendit
361 1243 511 1328 cognatio
524 1267 531 1307 ε
542 1243 607 1308 vid.
615 1240 753 1308 Schema
765 1241 1008 1328 genealogicum
1019 1269 1028 1320 ς

87 1346 277 1414 Hiberniam
288 1350 356 1433 jam
370 1349 539 1414 arnosto.
554 1371 699 1426 vacuam,
724 1360 758 1414 et
772 1347 868 1433 sylvis
889 1349 1026 1415 obsitam

87 1454 230 1518 secunda
254 1452 411 1538 plautavit
436 1455 571 1521 Colonia
594 1457 821 1522 comitantibus
845 1458 929 1522 inter
954 1457 1028 1522 reli·

86 1579 164 1642 quos
194 1557 328 1625 Andiuo
365 1581 439 1624 cum
478 1581 581 1625 uxore
612 1559 747 1638 Macha,
788 1560 918 1644 suisque
948 1558 1025 1626 filiis

86 1663 213 1743 Statue,
230 1663 440 1751 Hycrbancle
455 1678 538 1746 vate,
555 1667 715 1754 Fergusio
729 1667 815 1732 lutus
828 1667 936 1746 rubro,
952 1669 1028 1733 toti·

85 1769 222 1856 demque
233 1772 378 1838 nuribus.
406 1773 523 1850 Porro,
537 1771 705 1839 Nemethii
720 1772 920 1857 temporibus
936 1795 1032 1858 quae··

85 1879 159 1948 dam
174 1882 208 1946 iu
224 1880 386 1947 Hibernia
400 1892 549 1947 extructa
564 1883 639 1946 sunt
655 1903 673 1946 e
689 1880 813 1966 cespite
828 1881 1025 1947 munimenta

83 2011 220 2072 quonam
234 1991 362 2053 nomina
381 1989 489 2055 adhuc
507 1989 607 2055 hodic
622 1999 746 2066 eatam,
772 1997 808 2052 ut
822 1987 1025 2056 Rothlcinech
1098 2071 1100 2079 J

82 2096 111 2162 io
125 2094 287 2180 Lagania,
313 2106 347 2160 et
362 2094 610 2160 Roithlriabaitb
634 2094 668 2156 in
683 2091 862 2157 Dalaradib
886 2093 945 2158 &c
963 2094 1023 2158 &c

83 2203 226 2278 Quidam
248 2203 345 2267 etium
367 2202 472 2286 campi
494 2199 665 2265 eradicatis
694 2198 877 2276 fruticibus,
914 2197 1027 2284 sylvis·

82 2331 144 2394 que
171 2309 287 2373 excisis
311 2308 470 2385 instructi,
494 2318 528 2372 et
541 2306 630 2372 lacus
657 2306 789 2391 quidam
803 2307 1023 2381 innotuerunt,

82 2415 122 2480 de
138 2414 260 2500 quibus
275 2411 407 2478 consule
423 2411 567 2480 Flahert.

145 2519 201 2586 Dc
222 2541 307 2586 anuo
332 2531 440 2586 cutem
453 2521 565 2586 mortis
580 2518 750 2585 Nemethii
765 2540 830 2583 non
845 2520 936 2585 certi>
948 2540 1024 2584 con-

81 2639 166 2694 stat:
190 2627 433 2692 dicunttamen
456 2627 602 2694 illumin
628 2623 744 2703 iusulb,
769 2647 842 2710 quae
867 2625 911 2690 D.
927 2624 1023 2690 Barri

79 2729 180 2800 hodie
206 2735 336 2811 dicitur,
364 2735 399 2799 in
424 2732 596 2800 Momonii
630 2755 702 2798 cum
732 2731 829 2810 9000,
857 2731 1023 2798 bominum

79 2851 171 2926 peste
197 2839 383 2910 sublatum:
407 2843 460 2908 cui
478 2841 680 2907 mortaiitatis
696 2839 818 2926 generi,
845 2862 944 2906 novas
959 2851 1023 2906 ter·

80 2969 188 3014 rarum
204 2944 354 3014 Coloniae
369 2947 558 3034 frequenter
583 2948 740 3014 obnoxias
758 2947 841 3013 ratio
862 2948 969 3028 docet,
989 2959 1023 3013 et

80 3056 290 3142 experientia.
325 3055 404 3123 Vid.
421 3055 564 3124 Fiahert.
582 3078 659 3141 pag.
680 3057 750 3120 169.

121 3163 453 3250 Nemethiorumquae
464 3161 1022 3254 indeexstabant,reliquiae,protii-

80 3272 165 3357 gatis
187 3270 286 3336 semel
305 3281 403 3356 utque
424 3271 542 3336 iterum
556 3269 725 3346 Fomoriis,
751 3288 927 3350 eorumque
943 3267 1022 3333 duc-

80 3387 151 3443 tore
167 3377 336 3464 Conango,
362 3379 465 3466 ipsam
488 3376 606 3442 deinde
621 3375 770 3459 Conangi
795 3374 909 3438 turrim
923 3372 1020 3458 vulgo

80 3486 240 3565 Torrinis,
266 3486 343 3555 inde
365 3489 508 3574 grassari
522 3483 680 3562 solebant,
703 3482 773 3548 solo
795 3483 1019 3570 exaequirunt,

81 3617 165 3660 anno
180 3594 292 3664 mundi
306 3595 403 3660 2246.
997 3649 1004 3668 ,

146 3701 212 3768 sed
225 3725 291 3770 non
306 3703 351 3769 ita
365 3698 612 3770 Nemethiorum
626 3707 776 3768 constans
795 3708 866 3766 erat
879 3697 1019 3779 fortuna,

793 3813 849 3873 na

358 4104 628 4216 tumetum
