2438 4308
198 320 219 386 8
572 343 767 394 armanno.

190 482 308 562 'Altius
322 507 508 586 assurgunt,
524 508 589 566 stat
603 522 692 566 mens
706 497 864 587 impervia
877 495 1001 568 cunctis

194 603 336 684 Ictibus,
350 615 385 673 et
398 609 500 695 major
515 609 639 674 damnis
654 610 688 674 in
701 610 837 676 vulnera
849 609 964 688 fertur,

202 699 427 798 componique
441 712 529 780 hosti
543 725 577 780 et
590 714 665 780 fatis
680 737 851 783 occurrere
865 718 998 804 gaudet.

204 813 293 884 Hinc
305 819 366 885 tibi
380 821 479 887 crevit
493 819 597 886 honos
612 843 620 886 ε
643 845 717 888 nam
728 845 802 888 cum
817 823 985 892 discedere
1000 823 1125 890 Romd

205 923 324 990 Jussus
340 949 349 990 t
372 936 406 991 at
420 927 567 992 immunis
582 926 687 1012 culpae
703 953 711 1007 3
735 929 918 994 constantia
933 929 1008 994 vicit
1121 990 1126 1000 ,

206 1031 365 1098 Invidiam
379 1056 388 1096 t
411 1034 458 1098 sic
472 1032 580 1098 Roma
593 1041 681 1098 tuam
694 1034 839 1120 perferre
854 1037 1004 1121 nequivit

206 1137 373 1204 Virtutem
383 1139 542 1224 dotesque
557 1141 653 1204 animi
668 1165 676 1205 ε
698 1141 776 1226 quia
791 1163 920 1228 semper
934 1142 1071 1207 eandem

206 1242 322 1310 Mente
336 1243 435 1311 fidem
447 1243 592 1326 servisti,
607 1245 771 1333 illusoque
781 1249 858 1334 jura
872 1247 1003 1314 volebas

210 1350 347 1416 Caesaris
361 1374 434 1417 esse
446 1353 495 1418 tui
509 1379 518 1432 3
540 1351 640 1419 charo
653 1352 730 1420 hino
745 1354 912 1441 amplexus
928 1375 1036 1421 amore

208 1460 261 1525 Te
277 1461 397 1540 Caesar,
413 1472 446 1527 te
460 1459 591 1526 Astraea
604 1460 723 1542 redux,
736 1459 897 1547 Aulaeque
913 1462 1071 1540 Quirites,

207 1565 291 1634 Esse
307 1567 560 1636 Mareschadlum
575 1569 744 1650 dederant,
759 1569 920 1658 Aulaeque
935 1567 1079 1636 tribunal

208 1674 342 1742 Verere
357 1675 399 1741 ad
413 1699 576 1763 magnum,
591 1697 763 1763 rerumque
779 1679 822 1742 ad
836 1677 975 1744 culmina
989 1676 1119 1755 Caesar,

209 1780 341 1868 Perque
355 1783 477 1868 gradus
492 1783 619 1862 varios3
635 1782 686 1847 vel
701 1784 809 1849 adhuc
823 1794 986 1851 vecturus.
1019 1782 1162 1848 Adame

211 1887 266 1952 Sic
280 1889 382 1953 virtus
397 1889 456 1954 tibi
468 1891 581 1954 stravit
595 1891 668 1968 iter,
680 1911 805 1976 perque
818 1890 883 1955 alta
899 1888 1042 1971 sanatis,

209 1992 323 2078 Atque
336 1991 433 2059 Aulae
447 1993 593 2059 tabulata
607 1993 680 2059 tulit
695 2017 703 2058 r
726 2017 791 2059 non
807 2005 840 2059 te
855 2007 962 2060 tamen
976 1993 1043 2060 ulla

210 2100 365 2166 Fortunae
380 2098 491 2178 facies,
504 2121 570 2164 non
584 2121 743 2184 prospera
753 2109 787 2164 et
801 2121 917 2185 aspera
931 2098 991 2166 fati

210 2212 376 2298 Frangere
390 2211 437 2275 vis
452 2209 559 2297 potuit
574 2233 582 2272 ε
606 2208 766 2293 quidquid
781 2207 973 2272 saevissimus
988 2216 1060 2271 atro

213 2318 303 2384 Felle
318 2329 445 2382 tumens
460 2315 541 2380 livor
556 2315 650 2379 tortis
664 2313 819 2379 effuderit
833 2312 957 2399 hydris.

211 2427 323 2493 Caesar
337 2436 371 2491 et
386 2422 526 2501 Astraea,
540 2422 689 2487 humanis
700 2419 775 2486 Dea
789 2419 909 2486 finibus
923 2419 1001 2488 exul

211 2537 393 2612 Hactenus,
405 2530 539 2598 Aulaeos
553 2529 658 2596 fasces
672 2528 732 2594 tibi
746 2527 832 2594 ferre
846 2528 1018 2593 dederunt.

211 2642 364 2729 Denique
377 2640 583 2726 Pythagoras
596 2639 623 2704 si
637 2638 791 2722 dogmata
801 2658 878 2701 vera
893 2636 1032 2701 docebat

211 2745 522 2832 Prae-quot—iere
538 2743 598 2807 tibi
613 2767 621 2818 3
645 2740 740 2805 simul
755 2762 867 2806 omnes
883 2749 1015 2826 pectore
1029 2738 1063 2806 in
1078 2758 1148 2806 uno

211 2853 359 2938 Majores
374 2851 485 2916 vivunt
500 2876 509 2928 ς
525 2871 598 2934 quae
612 2848 749 2932 sparsim
764 2847 849 2914 dona
863 2850 978 2914 beatos

211 2963 385 3038 Fecerunt,
402 2957 537 3025 collecta
550 2968 662 3034 tenes3
685 2955 746 3021 tibi
760 2955 879 3022 sufficis
894 2977 980 3022 unus

211 3067 369 3133 Externae
382 3065 427 3131 nil
440 3065 547 3131 laudis
561 3087 674 3151 egens,
691 3072 723 3130 te
738 3064 829 3130 dives
843 3064 885 3129 ab
900 3085 976 3129 uno.

210 3174 285 3239 Jam
299 3182 470 3257 torquatus
484 3193 596 3257 eques,
610 3169 732 3236 meritis
747 3181 825 3236 tunc
840 3180 939 3235 notus
955 3169 1071 3248 Iberis,

211 3279 257 3346 Et
273 3281 341 3344 sine
355 3278 487 3344 Maedea
502 3300 660 3364 generoso
675 3288 808 3363 pectore
822 3288 952 3364 gestans

210 3387 355 3452 Exuvias
371 3397 488 3466 tantas,
498 3386 612 3471 majori
626 3383 744 3470 dignus
757 3383 893 3450 honore.

211 3492 313 3559 Filius
328 3493 411 3559 anne
426 3493 505 3558 mihi
518 3505 595 3559 tuus
610 3491 784 3559 illaudatus
800 3493 912 3558 abibit.

212 3599 297 3666 Viva
312 3609 369 3663 tua
383 3597 505 3685 effigies
521 3622 528 3662 :
552 3599 710 3685 probitas,
725 3599 910 3684 prudentia,
926 3597 1059 3678 candor,

212 3706 443 3790 Judiciumque
457 3704 564 3782 animi,
576 3703 672 3790 longe
687 3703 843 3767 maturius
860 3703 951 3768 annis
966 3705 979 3767 2

258 3811 358 3882 Plura
371 3812 554 3878 locuturum
568 3812 740 3897 interrupit
755 3809 915 3878 Hibernia
928 3819 1047 3890 vatem,
