2438 4308
220 353 242 414 6
593 371 786 416 nantelmo.

220 521 411 588 Defenddre
426 544 540 590 suum:
563 521 672 609 potiris
687 523 812 588 duxere
829 521 879 588 vel
894 521 967 588 altis

220 627 378 696 Turribus
389 631 486 718 ejecti
502 653 573 696 sese
589 631 788 696 committere
803 629 910 708 Divis,

219 733 341 803 Vivere
356 761 453 824 quam
468 739 540 816 tuti,
556 739 701 824 regique,
717 734 858 822 Deoque
873 733 1021 801 rebelles.

218 841 293 910 Hos
307 848 392 912 inter
405 869 540 932 magnus
555 845 693 930 genitor,
708 864 890 930 magnoque
906 841 1090 918 secundus,

219 947 351 1028 Vester,
367 972 447 1029 avo;
471 972 535 1014 non
549 960 615 1016 tam
629 948 757 1035 fulgens
771 949 958 1034 ingentibus
973 948 1075 1025 ausis,

220 1055 330 1128 Quam
344 1057 434 1143 qubd
448 1080 508 1122 avo
523 1055 666 1148 aequales
679 1078 736 1121 vos
751 1056 863 1121 ambos
878 1051 1014 1140 protulit
1028 1055 1126 1132 orbi,

136 1249 138 1254 ,
218 1165 347 1231 Heroas
361 1167 538 1231 imitatores
553 1165 680 1230 virtutis
695 1164 799 1229 avitae.

217 1273 378 1358 AEquales
389 1276 500 1340 ambos
515 1273 641 1359 magnis
655 1272 831 1358 majoribus
846 1295 854 1336 ι
879 1271 991 1336 ambos

218 1380 379 1445 Patronos
394 1381 473 1446 seris
488 1390 624 1445 ventura
638 1379 826 1465 Nepotibus
842 1389 921 1443 aetas

216 1485 384 1572 Proponet
399 1512 408 1553 r
430 1509 620 1573 magnorum
633 1485 783 1572 exempla
797 1484 954 1552 imitanda
967 1496 1160 1572 parentum

45 1587 64 1602 ”
186 1585 187 1590 “
217 1593 403 1679 Proposita,
418 1595 538 1660 teneris
550 1617 608 1660 vos
623 1594 718 1659 ambo
732 1592 899 1658 imitamini
912 1592 955 1656 ab
966 1592 1069 1656 annis.

217 1699 393 1766 Consilium
397 1703 625 1788 ‚eloquiumve
639 1700 728 1779 velis,
745 1723 803 1765 seu
818 1698 942 1764 robur
933 1721 967 1762 in
982 1699 1106 1764 armis:

214 1807 331 1874 Frater
346 1820 484 1896 uterque
498 1819 616 1895 potens
631 1807 723 1876 illis:
740 1831 760 1870 a
773 1804 884 1870 Marte
898 1805 1026 1869 videtur

214 1913 419 1979 Martinicaea
433 1912 560 1980 Domus
575 1935 692 1978 nornen
704 1912 863 1990 traxisse,
887 1909 937 1975 vel
950 1909 1027 1974 inde

215 2020 354 2088 Caesaris
369 2021 468 2087 huic:
490 2021 538 2087 illi
552 2021 651 2106 regis,
665 2017 813 2084 custodia
827 2016 919 2082 fratri

213 2123 358 2205 Tradita,
374 2136 573 2248 constantes,
587 2149 715 2222 perque
727 2148 856 2246 espezin·
846 2124 923 2201 fata
937 2122 1052 2190 fideles

213 2231 349 2297 Austria
365 2217 690 2330 Marttnldrasnevrt
677 2219 850 2310 lsaddatss‘,
857 2213 994 2296 amavit.
1159 2233 1161 2242 ‘

211 2336 351 2401 Divitias
367 2312 521 2424 spectes,
514 2340 664 2446 require,
659 2338 926 2437 :pitvegrlgorem

214 2443 280 2508 Seu
292 2443 431 2523 soboles,
447 2429 629 2530 eastess'llra
634 2445 755 2522 timess
768 2441 811 2509 eir
819 2452 963 2547 'uterque
980 2445 1090 2509 beavit

211 2549 378 2644 Mutiplici
390 2575 475 2617 nunc
490 2551 589 2640 {aad}
596 2536 945 2652 dunmuyttrrpemque
960 2571 1145 2635 genusque.

253 2659 320 2721 Sed
335 2659 415 2742 quid
430 2677 492 2744 ego
503 2649 574 2724 liae'c
579 2634 732 2723 alutem?
736 2655 806 2742 tegi
807 2652 1028 2721 Gudobaldus
1042 2655 1161 2722 adhae-

295 2787 370 2830 rens

209 2871 328 2934 Factus
343 2870 384 2948 ei,
400 2870 518 2936 AEneae
533 2872 622 2956 quod
637 2880 708 2935 erat
719 2871 802 2936 bene
816 2869 903 2936 fidus
918 2867 1077 2950 Achates,

208 2974 360 3041 Theseus
376 2975 505 3056 Alcidi3
529 2980 621 3043 testis
638 3001 704 3044 non
719 2978 787 3044 sola
800 2977 930 3044 Vienna
944 3005 954 3057 3

207 3081 312 3148 Testis
324 3094 359 3149 at
372 3086 477 3150 utrius
494 3085 661 3151 Landavia
677 3085 763 3150 faeta
777 3084 901 3171 pericli.

206 3190 239 3254 Ο
256 3195 263 3255 l
288 3195 361 3278 quis
374 3216 447 3260 eum
463 3193 575 3259 validis
589 3205 783 3260 tractantem
797 3192 866 3258 lora
880 3190 1020 3269 lacertis,

205 3299 322 3367 Fraena
336 3303 461 3388 fugacis
475 3305 563 3387 equi,
579 3303 747 3369 celebret?
770 3323 934 3386 scapoque
948 3310 1127 3385 petentem,

203 3409 278 3474 Ictu
292 3432 359 3476 non
374 3422 516 3488 errante,
532 3433 676 3497 scopum,
693 3411 857 3495 telumque
872 3410 1064 3486 vibrantem,

205 3517 253 3582 Et
264 3521 463 3603 quatientem
473 3519 612 3599 hastam,
623 3523 735 3587 stricto
751 3531 808 3586 aut
823 3531 921 3605 caput
936 3541 1013 3584 ense
1025 3529 1150 3586 meten·

270 3636 348 3705 tem,

203 3730 303 3798 Dicat
317 3733 350 3797 id
362 3730 460 3811 Aula,
477 3743 571 3798 canet
585 3732 678 3798 simul
692 3732 755 3798 hoc
770 3730 958 3798 Academia.
1005 3732 1150 3798 Demum

204 3840 375 3927 Quidquid
390 3841 457 3927 agit
472 3862 545 3906 cum
558 3839 654 3906 laude
668 3841 748 3906 iacit
763 3864 770 3904 :
795 3863 870 3906 nam
883 3841 988 3926 gratia
1001 3839 1116 3906 formas
1149 3881 1151 3888 ·
1169 3904 1174 3914 ,
