2438 4308
479 341 657 391 urrunnun.
708 407 713 418 ἡ
999 325 1042 388 59

258 537 311 603 46
335 537 537 604 annuouus
550 543 585 604 in
603 539 719 606 Chron.
732 539 880 626 Belgica.

161 673 185 704 ‘⁶
201 667 389 737 Mechliniae
417 669 525 754 passio
558 667 594 734 S.
620 665 785 746 Rumoldi,
815 666 1038 754 gloriosissimi

94 775 261 862 martyris,
273 785 370 860 atque
378 774 557 854 Pontifieis,
567 773 738 842 Scotorum
751 775 838 861 regis
853 772 922 851 filii,
938 773 1038 860 signis

94 892 128 946 et
142 881 295 948 doctrinis
307 882 485 947 mirabilis:
508 884 541 948 in
556 881 737 949 Braboutic
758 879 833 946 villu
852 903 927 967 quae
951 878 1037 946 Gela

93 1001 304 1074 nuncupatur
317 988 353 1054 S.
367 989 552 1076 Dymphnoe
563 990 644 1075 virg.
660 1001 694 1056 et
707 999 801 1054 mart.
813 1009 887 1072 quae
902 995 1037 1072 propter

92 1093 194 1160 iidem
213 1103 248 1160 et
270 1115 412 1161 umorem
433 1097 591 1190 restitutis
607 1094 766 1163 decollata
789 1106 839 1160 est
862 1117 882 1158 a
904 1093 1038 1178 proprio

94 1203 258 1286 genitore,
273 1185 351 1288 rege
366 1199 529 1294 Pagano'·

323 1401 377 1466 47.
400 1399 574 1468 Moosnus
588 1403 634 1466 ad
650 1402 688 1466 10
702 1399 794 1466 Jutii.

160 1532 181 1562 “
199 1525 291 1591 Dum
304 1538 412 1592 autem
425 1525 578 1594 Hellinus
594 1530 643 1593 vir
666 1527 798 1612 illustris
817 1516 914 1594 'ulium
937 1524 1038 1590 aedifi-

53 1718 57 1728 ,
93 1644 184 1700 caret
214 1633 353 1718 (scilicet
376 1633 573 1722 Ecclesiam)
604 1635 727 1700 invenit
762 1656 836 1700 cum
866 1626 1039 1698 Analfrido
1144 1619 1151 1628 ’

90 1738 287 1825 presbitero,
298 1759 394 1826 quem
406 1735 563 1810 siuttoo
577 1735 691 1808 ferreis
703 1722 917 1829 compedibus
934 1739 1038 1807 edux-

94 1859 175 1925 erat,
190 1848 226 1912 in
236 1847 354 1933 prioris
363 1847 520 1915 Eeclesiae
532 1871 639 1929 muro,
652 1841 718 1917 duo
730 1840 860 1915 Brevia.
875 1843 879 1850 ’
904 1841 944 1911 In
958 1870 1038 1932 quo-

92 1975 166 2020 rum
187 1976 254 2019 uno
274 1952 339 2040 legi
368 1956 487 2041 (inquit
516 1958 706 2043 appendicis
736 1956 836 2042 hujus
863 1955 1036 2037 narrator.)

93 2059 131 2124 In
145 2059 210 2126 hoc
225 2059 297 2152 loco
313 2059 576 2128 Hibernieusium
592 2061 779 2154 Episcopus
801 2062 882 2129 Etto
899 2063 1037 2146 mansio·

93 2189 165 2232 nem
179 2153 306 2234 habuit.
351 2169 392 2239 In
407 2151 521 2235 altero.
536 2171 546 2190 ⁶
567 2163 635 2236 Hic
648 2167 795 2256 reposuit
817 2167 898 2234 Etto
915 2168 1037 2233 Hiber-

93 2275 232 2342 nicensis
254 2273 441 2362 Episcopus
459 2275 501 2341 de
525 2298 661 2364 corpore
688 2277 723 2344 S.
739 2275 913 2343 Clementis
934 2273 1035 2361 Papae

94 2393 125 2446 et
141 2381 328 2467 Martyris?
691 2398 697 2411 ·

112 2581 167 2646 48.
192 2579 227 2647 S.
245 2580 458 2647 Bunnnnnus
473 2583 509 2648 in
530 2581 605 2647 Vtra
620 2581 653 2644 S·
667 2577 858 2655 Malachiae,
881 2576 963 2662 Cap.
982 2585 1011 2642 5.

158 2731 180 2763 “
195 2723 224 2794 E
241 2725 359 2813 quibus
374 2727 509 2814 (scilicet
524 2725 698 2795 Hiberniae
717 2721 904 2811 Monechis)
919 2725 962 2792 ed
975 2726 1035 2792 has

90 2844 218 2900 nostros
228 2833 416 2900 Gallicanas
430 2847 553 2932 partes,
562 2833 596 2900 S.
609 2831 830 2901 Columbunus
841 2833 1032 2911 ascendens,
1093 2867 1101 2882 ·

90 2939 293 3007 Lexoviense
322 2944 506 3010 construxit
524 2942 765 3021 monasterium,
789 2940 910 3009 factum
930 2943 976 3007 ibi
999 2943 1032 3006 in

90 3060 222 3132 gentem
236 3049 414 3136 magnam.”

129 3247 187 3315 49.
213 3247 428 3313 crummns
444 3249 484 3313 de
497 3245 599 3313 uariis
612 3245 828 3314 KildoriaeM
836 3241 982 3310 tracuus.

155 3402 178 3432 ‘⁴
190 3396 368 3463 Ineffabilis
385 3396 593 3462 Providentia
607 3396 674 3462 Dei
690 3396 793 3474 ;inter
807 3395 870 3460 elia
892 3393 963 3460 haec
987 3395 1032 3461 le-

89 3514 222 3589 guntur.
273 3504 367 3572 Idem
395 3514 525 3570 sanctus
557 3505 622 3569 imo
658 3500 819 3569 Dominus
856 3502 900 3568 ob
927 3496 1030 3589 ipsius
1130 3503 1132 3508 ’

90 3609 205 3674 merita
220 3609 372 3697 gloriosa,
396 3623 520 3699 septem
541 3623 688 3678 mortuos
712 3633 855 3697 quorum·
870 3633 955 3678 unus
975 3613 1030 3677 tri-

90 3713 216 3784 duanus
230 3729 312 3800 erat,
327 3717 461 3786 mirifice
478 3716 672 3786 suscitavit.”
