2412 4292
486 323 649 372 nisinun.
968 306 1031 374 217

83 477 237 564 responsi
251 500 271 542 a
286 475 431 544 Concilio
445 477 597 558 retulere,
616 477 704 545 Sese.
727 479 780 544 28.
804 483 827 514 “
839 477 940 553 Qubd
962 477 1032 545 Eu-

81 608 167 672 ropa
181 586 215 649 in
238 595 379 670 quatuor
400 584 565 652 dividatur
585 605 706 671 regne3
729 587 866 672 primum
880 584 1032 652 videlicet

81 691 288 760 Romanum:
311 693 500 771 seeundum,
526 693 938 779 Constantinopolitanum:
967 704 1032 758 ter-

81 803 176 879 tium,
192 822 329 887 regnum
341 798 523 878 Hibernire,
545 800 635 886 quod
644 801 713 884 jam
727 799 918 866 translatum
933 811 984 866 est
996 799 1031 864 in

82 905 264 993 Anglioosr
286 917 320 970 et
333 915 496 990 quartum,
508 923 644 992 regnum
655 904 854 991 Hispanioe.'’
896 905 1032 992 Exque

80 1026 188 1102 patet,
203 1016 292 1100 quod
305 1031 368 1079 rex
380 1014 520 1101 Angllae,
530 1026 566 1080 et
577 1034 714 1100 regnum
727 1017 801 1100 cJ'us
817 1017 881 1082 sint
895 1018 937 1084 de
953 1017 1031 1084 emi·

80 1122 299 1201 nentioribns,
312 1131 346 1186 et
359 1121 597 1202 antiquioribus
611 1119 758 1207 regibus,
773 1131 806 1187 et
820 1121 948 1208 Regnis
962 1123 1032 1192 Eu.

76 1249 198 1313 ropaeg·
220 1248 317 1312 quam
338 1229 585 1313 praerogativam
607 1225 761 1315 Regnum
786 1225 933 1294 Franciae
956 1253 1023 1296 non

78 1333 187 1400 fertur
207 1325 380 1400 obtinere.=
409 1334 511 1400 Addo
531 1346 567 1400 et
579 1355 653 1422 ego,
668 1357 728 1408 nec
740 1337 1023 1422 primonenitrwam

80 1443 254 1523 Ecclesiae,
268 1453 421 1530 respectu
435 1443 604 1509 Hiberniae
617 1462 743 1530 regum,
762 1455 801 1510 ut
821 1445 899 1510 mox
918 1454 1028 1510 osten-

81 1550 159 1615 dam
186 1547 228 1613 dc
248 1547 315 1634 qui
336 1559 454 1627 tamen,
474 1559 566 1614 tento
586 1547 679 1614 hiatu
703 1547 883 1635 gloriantur
907 1547 1031 1616 Gallici

83 1661 281 1747 Scriptores.

90 1797 94 1806 ·
127 1770 205 1835 =De
220 1766 478 1854 Metropolitnnb
498 1766 669 1834 Hiberniae
690 1767 861 1853 dignitate,
875 1767 961 1832 inter
982 1789 1033 1834 re-

83 1875 190 1962 liques
214 1874 372 1960 Europes,
392 1875 439 1940 ita
465 1874 578 1939 scribit
601 1873 742 1940 Joanrtes
767 1872 908 1938 Asuvius
936 1871 1033 1939 Occi·

86 1980 199 2046 dentis
209 1979 373 2044 Primores
386 1997 570 2044 recensens.
601 1981 623 2013 “
634 1977 677 2042 In
684 1978 866 2064 prouinciis
877 1979 951 2044 υπὸ
970 1979 1033 2044 Oc·

85 2084 233 2164 ridentis,
247 2083 364 2168 inquit,
378 2080 590 2168 (loquebatur
603 2103 663 2167 per
685 2094 870 2169 respectum
891 2083 935 2150 sd
959 2082 1033 2150 Ori·

83 2189 425 2266 miademeeolesinn,
453 2190 488 2253 in
513 2188 580 2274 qui
604 2187 784 2274 regnbrunt
811 2189 1031 2267 Patriorelue,

11 2381 20 2392 „
84 2313 162 2365 sunt
175 2297 355 2363 Prinntesr
378 2296 477 2360 totius
493 2296 624 2380 quidem
641 2295 813 2380 Hispaniae
833 2295 958 2360 Primos
981 2306 1033 2362 est

84 2402 286 2482 Tolctsnus3
302 2401 472 2468 Hiberniae
487 2401 726 2480 Amrichanus3
742 2397 874 2486 Angliae
889 2401 1032 2466 Cantus·
1153 2421 1158 2428 ·

85 2513 210 2591 reneis,
234 2510 355 2575 Africus
368 2508 656 2594 Carthaginensis3
679 2508 859 2593 Hungsriae
875 2506 1033 2593 Strigoni·

86 2621 174 2686 ensis
184 2647 192 2699 3
203 2620 249 2683 -in
265 2615 443 2684 Germanii
457 2617 535 2682 olim
547 2615 856 2703 Magdeburgensis,
871 2636 957 2682 nunc
972 2613 1032 2682 Se,

85 2727 321 2814 lisburgensisr
344 2739 378 2792 et
391 2728 424 2792 in
437 2723 620 2792 Galliarum
634 2723 818 2810 provinciis,
831 2722 984 2792 videlicet
997 2724 1031 2790 in

87 2831 277 2922 Aquitanib,
292 2847 326 2898 et
341 2832 475 2911 Celtica,
491 2843 525 2898 et
539 2831 621 2911 aliis,
638 2832 798 2898 Primetes
813 2855 853 2898 se
864 2830 1031 2919 appellunt

88 2940 312 3018 Bituricensis,
328 2935 537 3017 Rbenrensis,
553 2937 806 3026 Lugdunensis,
816 2939 1029 3018 Arelatensis,

88 3047 296 3124 Viennensis,
318 3044 585 3133 Archiepiseopi3
608 3049 650 3119 de
663 3048 784 3133 quibus
798 3049 920 3113 stetim.
966 3047 1030 3112 Po-

88 3156 183 3228 loniae
199 3155 325 3220 Primus
348 3156 419 3220 sine
441 3153 661 3220 controversis
681 3165 733 3218 est
753 3151 1033 3237 Archiepiscopus

90 3262 316 3340 Gnesnenris3
351 3261 470 3327 Scotiae
501 3260 778 3346 Archiepiscopus
808 3257 843 3322 S.
872 3257 1027 3324 Andreae.

89 3368 187 3436 Unde
206 3367 311 3454 liquet
325 3367 493 3434 Hiberniae
508 3365 743 3442 Monarcbism,
758 3365 881 3449 pariter
895 3387 933 3430 ac
948 3363 1029 3432 Hie·

89 3475 250 3543 rerobiam
264 3476 349 3540 inter
363 3477 489 3561 priores
507 3475 653 3559 Europes
675 3471 861 3538 recensitas.
884 3519 886 3526 -
906 3471 955 3539 Ut
965 3497 1027 3560 ¹up·

90 3585 195 3670 positi
205 3583 467 3650 animadverterit
484 3583 630 3649 Rudinus
642 3577 685 3646 de
694 3577 863 3666 republicb
872 3578 894 3645 l.
913 3581 940 3646 l.
956 3589 1028 3651 c-9.
1155 3631 1157 3634 ψ

90 3693 177 3762 Inter
191 3691 368 3780 principes,
386 3690 502 3776 inquit,
511 3689 665 3776 quaednm
679 3687 849 3776 dignitatis
864 3711 1028 3776 preroga«
