2440 4292
167 299 227 364 108
546 317 724 368 minanam.

164 481 201 535 ut
215 472 324 536 notavi
339 475 545 558 coetaneos),
561 473 773 542 Hibernicsm
786 471 938 560 linguam,
950 493 1048 539 unam
1063 490 1106 538 ex

162 579 206 642 72
226 576 344 664 linguis
364 580 585 648 econfusione
606 579 807 668 Babylonicd
826 582 917 659 ortis,
939 581 1001 646 sibi
1023 581 1107 646 suis-

164 705 228 772 que
244 685 486 754 adherentibus
499 691 710 756 conservavit.
745 689 791 755 Et
805 689 881 773 quia
896 689 1019 774 primus
1034 704 1107 752 eam

162 791 279 859 litteris
294 795 508 882 consignavit,
527 798 690 883 certisque
706 797 827 884 regulis
841 795 1027 883 complexus
1041 807 1106 874 est,

162 901 309 967 nonnulli
321 923 397 970 eum
411 901 524 970 volunt
538 905 748 972 Hibernicam
767 905 910 992 linguam
928 927 971 970 ex
985 904 1105 990 linguis

159 1008 227 1094 jam
241 1029 354 1074 recens
369 1011 465 1090 natis,
481 1033 519 1076 ao
533 1011 693 1078 distinctis
707 1013 910 1100 excerpsisse
922 1023 955 1077 ot
966 1011 1009 1076 dc
1020 1031 1106 1076 novo

163 1117 394 1202 composuisse,
416 1120 507 1204 quod
526 1129 633 1186 tamon
646 1119 801 1185 credibile
813 1141 878 1184 non
895 1130 965 1198 est3
980 1135 1054 1184 cum
1069 1117 1103 1181 id

165 1221 388 1288 confusionem
410 1223 519 1309 potiris
541 1235 695 1311 augeret3
719 1225 814 1310 quasi
837 1235 886 1290 tot
907 1223 1026 1310 linguae
1037 1225 1107 1308 jam

59 1397 61 1406 s
164 1321 326 1393 distinctae
340 1351 406 1394 non
422 1329 617 1410 sufficerent,
633 1353 706 1398 oum
718 1344 825 1398 tomen
836 1333 931 1397 unica
949 1333 992 1396 ab
1010 1330 1106 1394 initio

164 1431 272 1501 fuerit.
286 1435 396 1514 Addo,
405 1436 468 1504 hoc
477 1461 542 1505 non
551 1449 617 1504 tam
625 1438 755 1505 difficile
761 1437 992 1524 praestandum,
1004 1437 1106 1520 quim

164 1559 439 1625 supervacaneum
453 1544 565 1612 fuisse.
600 1545 690 1612 Hinc
705 1567 785 1633 ergo
797 1544 922 1610 tannim
936 1544 1105 1628 scquitnr3

163 1647 325 1717 Fericium
360 1649 460 1734 illum,
499 1654 827 1720 Sento-Hibernorstm
863 1652 1105 1738 progenitorem

165 1755 198 1831 (a
209 1773 275 1837 qao
286 1755 390 1834 Fenii,
406 1758 538 1837 Fenisii,
553 1770 611 1823 aut
624 1759 808 1824 Fescss‘odae
822 1757 986 1839 dicuntur)
1001 1775 1106 1820 unam

162 1855 263 1922 fuisse
273 1879 315 1924 ex
327 1858 603 1948 principibus,qui
613 1865 756 1950 gentium
769 1862 961 1948 dispertioni
969 1859 1106 1926 interfu-

163 1973 269 2038 erunt,
278 1974 312 2027 et
327 1964 456 2030 familiis
471 1979 642 2053 prosecant,
652 1965 975 2055 aclinguamquaeilli
984 1978 1104 2051 etpos-

164 2068 867 2161 terisobtigit,rcgulisillustrissslitterisque
876 2076 1105 2162 consignatam

163 2177 250 2242 unde
259 2178 459 2247 scoticarum
470 2182 648 2250 litterarum
658 2188 782 2272 primus
793 2187 941 2250 inventor
951 2181 1102 2250 habetur.

227 2283 366 2350 Terram
378 2287 412 2352 in
427 2287 561 2376 Schytiis
570 2302 645 2375 post
655 2311 750 2356 avam
761 2289 897 2375 Magoq.
907 2289 1104 2375 Schytarma

166 2385 325 2466 Satorem,
341 2401 457 2458 nactus
473 2403 523 2460 est
540 2393 700 2473 Fcns'ss'uc,
724 2395 816 2478 cujus
839 2393 1014 2460 dominium
1033 2415 1109 2460 cum

164 2491 275 2580 lingui
289 2516 348 2580 per
363 2497 476 2564 decem
487 2502 710 2586 generationes
724 2521 828 2586 usque
843 2501 886 2566 ad
904 2497 1106 2588 Dossfimsm

164 2609 305 2690 posteris
321 2610 386 2673 suis
402 2612 589 2676 transmisit.
637 2609 667 2674 E
688 2611 828 2696 posteris
848 2619 958 2674 autem
971 2609 1106 2673 Niulsam

164 2712 268 2778 filium
281 2715 427 2799 ejusdem
443 2717 565 2784 Fenicii
578 2730 655 2803 post
668 2717 849 2804 linguarum
869 2717 1056 2782 divisionem
1071 2719 1106 2781 in

165 2819 271 2886 lucem
285 2823 427 2887 editum:
450 2845 488 2890 ao
503 2826 640 2911 proinde
655 2827 783 2912 Pholeg
796 2825 933 2892 Haeberi
945 2824 1011 2890 filio
1023 2845 1107 2892 coos-

166 2939 296 2992 taneum
311 2927 421 3009 fuisse,
437 2944 471 2996 et
481 2932 515 2996 in
525 2933 706 3020 AEgyptum
719 2935 934 3012 contendisse,
949 2935 1007 3000 ubi
1019 2933 1106 2998 Pha·

164 3035 272 3101 raonis
287 3036 429 3102 indurati
443 3038 543 3106 filiam
556 3041 590 3105 in
612 3063 747 3124 uxorem
769 3043 901 3108 duxisse
923 3042 1035 3120 fertur,
1061 3063 1105 3108 ex

167 3142 233 3227 qui
254 3143 366 3230 genuit
389 3145 572 3225 Goidelwa,
601 3169 707 3234 aquo
731 3149 870 3215 Hiberas?
896 3147 1030 3213 Gaideti
1054 3148 1107 3214 vel

171 3247 337 3317 Gatelides
351 3253 565 3318 nominentur.

232 3357 356 3424 Volunt
379 3369 537 3446 ptaeteres
554 3362 694 3426 eundem
713 3361 857 3440 Malam,
881 3361 1051 3427 Goidslum
1066 3359 1107 3423 fi-

165 3470 254 3548 lium,
269 3469 408 3542 Asanam
421 3482 582 3558 nepotem,
605 3471 720 3538 &uum
743 3485 966 3560 pronepotem,
986 3469 1020 3537 et
1034 3472 1107 3538 He·

167 3579 273 3642 beram
287 3577 362 3642 Scot
375 3579 568 3665 abnepotem
582 3580 791 3664 (exeuntibus
808 3581 958 3667 AEgypto
970 3579 1108 3644 Israeli·

165 3686 219 3763 tic,
234 3685 370 3750 ductore
387 3686 514 3770 Moyse)
530 3711 639 3756 omnes
654 3700 750 3755 aetate
765 3701 897 3775 vegetos
914 3688 1029 3754 vixisse
1043 3711 1050 3749 :
1070 3699 1105 3751 et
