2438 4308
559 255 737 308 nussum.

201 981 428 1060 ALTERA
453 979 782 1068 DESCRIPTIO
813 979 1107 1056 HIBERNIAE.

500 1215 803 1228 Ὴ

183 1399 268 1469 Dura
293 1400 365 1467 hae'c
387 1399 573 1478 scriberem,
603 1397 717 1470 incidit
738 1399 773 1464 in
794 1421 907 1466 manus
933 1421 1020 1466 meas
1049 1397 1134 1467 Ele·
1203 1423 1204 1428 ¹

182 1507 239 1594 gia
258 1529 397 1594 sequens
422 1529 441 1570 a
460 1505 505 1571 D.
521 1504 662 1572 Nicolao
676 1503 811 1591 Aylmer
831 1505 1039 1592 Praesbytero
1064 1506 1133 1573 Hi-

183 1615 287 1682 berno
301 1615 490 1701 composita,
504 1612 674 1679 Hibernia
683 1612 935 1698 descriptionem
944 1613 978 1677 in
986 1613 1134 1678 eundern

184 1722 277 1810 quasi
291 1745 425 1794 sensum,
440 1721 552 1808 paucis
567 1719 785 1806 complectens
798 1746 806 1798 3
829 1719 872 1785 ad
892 1720 985 1805 cujus
1004 1719 1135 1788 calcem

185 1827 314 1914 adjecta
333 1838 408 1894 sunt
422 1827 602 1900 Arctorum
622 1827 815 1905 testimonia,
838 1847 881 1892 ne
903 1835 1018 1890 auctor
1037 1847 1135 1893 vere-

185 1935 279 2002 dicus
292 1946 327 2002 et
341 1935 466 2002 nelosus
481 1935 596 2022 patrias
614 1933 741 2006 adulari
756 1933 807 2006 vel
822 1931 1005 2001 adblandiri
1019 1933 1136 2001 videa-

186 2053 250 2108 tur.
296 2040 426 2116 Quibus
441 2052 476 2118 at
489 2064 563 2129 ego,
577 2041 693 2116 eadem
707 2043 748 2112 de
763 2041 873 2121 coust,
894 2040 1030 2118 collecta
1044 2065 1065 2108 a
1077 2064 1135 2110 me

187 2148 370 2214 testimonia
395 2148 542 2234 adjunxi,
567 2171 642 2234 quae
667 2150 776 2215 omnia
798 2159 865 2214 tam
889 2150 1004 2236 ipsius,
1030 2149 1135 2236 quam

187 2275 268 2320 meae
282 2254 458 2320 narrationi
471 2254 572 2320 fidem
585 2255 686 2338 dubio
697 2255 811 2342 procul
823 2254 1031 2338 conciliatura
1043 2267 1136 2338 sunt,

187 2372 226 2428 ut
248 2383 363 2450 aequus
385 2383 495 2428 rerum
519 2363 651 2442 arbiter,
675 2374 709 2428 et
729 2363 851 2430 Lector
874 2365 1012 2449 quisque
1034 2363 1137 2430 indif-

189 2469 296 2536 ferens
320 2467 414 2538 facile
429 2470 581 2558 'judicare
603 2471 734 2559 poterit.
778 2471 882 2554 Porro
903 2472 991 2537 dicta
1014 2468 1136 2558 Elegia

190 2577 362 2664 Leopoldo
382 2577 559 2645 Wilhelmo
585 2576 767 2646 Archiduci
787 2575 930 2660 Austriae
955 2575 1136 2664 Belgarum

191 2681 231 2749 P.
240 2683 283 2749 Τ.
294 2684 528 2765 Gubernatori,
539 2685 623 2751 Ord.
633 2685 732 2752 Teut.
746 2685 795 2753 M.
806 2683 971 2773 Magistro
981 2685 1136 2751 dedicata

190 2800 252 2868 est,
266 2801 303 2856 ut
317 2813 359 2856 ex
373 2791 425 2894 his
440 2795 634 2860 carminibus
648 2794 800 2882 colligere
814 2807 889 2902 est*
925 2811 927 2818 “

193 2985 319 3074 Accipe
332 2989 659 3057 clementi'tcrrarum
673 2999 748 3058 nate
763 2991 964 3069 Monarchia,

234 3093 377 3165 Palladis
391 3106 425 3162 et
438 3095 556 3164 Martis
571 3120 656 3184 spes,
670 3098 853 3186 Leopolde,
867 3119 973 3164 manu.

157 3207 160 3214 '
194 3201 288 3276 Quos
300 3204 361 3270 tibi
376 3203 552 3270 versiculos
566 3204 686 3271 devoti
699 3216 807 3286 mente
821 3215 974 3291 patrono,

235 3306 355 3388 Hoste,
370 3309 457 3390 dolo,
471 3312 586 3398 pennis
601 3313 719 3378 obruta
733 3323 821 3378 terra
836 3313 933 3378 dicat.

193 3413 239 3482 Et
252 3414 325 3502 lege
340 3439 415 3503 quae
429 3418 521 3485 vultu
534 3419 631 3486 tellus
646 3420 795 3496 Hiberna
809 3441 937 3497 sereno,
965 3433 967 3438 ’
1113 3420 1134 3482 5

234 3520 411 3592 Commoda
424 3523 482 3593 (lat
495 3537 623 3613 portus,
637 3549 725 3610 arva,
739 3513 877 3605 metalla,
892 3525 989 3593 feras.
