2438 4308
495 371 671 423 arearum.
1010 355 1051 422 tr

104 531 139 596 Ο
157 529 330 616 Solymai*
346 529 378 595 Ο
392 515 487 596 tellus
497 531 638 616 pedibus
648 527 772 595 aulem
786 526 964 594 Tonantis!

149 635 206 704 An
221 637 364 726 Regum,
379 639 436 724 qui
450 645 483 704 te
497 637 651 717 vindicet,
662 635 748 702 rullus
763 637 853 702 erit?
1004 644 1008 652 '

104 743 312 811 Conveniant
326 743 485 824 volucres,
501 743 599 832 Papa
613 744 678 810 hoo
688 741 839 829 implorat
852 753 887 809 et
898 753 981 821 orat,

9 939 10 946 ἵ
148 849 269 918 Totius
283 851 360 917 hine
374 852 491 918 meritb
501 874 598 937 quem
611 853 697 939 regit
711 853 800 918 orbis
816 869 916 919 amor.
1003 852 1046 916 52

101 957 233 1035 Tutore,
246 956 385 1036 Arabes,
402 959 543 1043 saevique
560 959 670 1036 Getae,
688 959 828 1044 durique
842 957 964 1035 Judaei,

147 1063 318 1129 Sufficiens
332 1065 432 1129 vestri
446 1084 545 1130 causa
559 1066 677 1130 furoris
697 1077 804 1131 erunt.
881 1114 884 1122 Δ

104 1171 145 1238 In
161 1171 288 1238 Turoas
305 1172 427 1252 caesar,
442 1171 564 1238 bellum
579 1173 746 1240 Ludoious
760 1176 793 1242 in
804 1173 905 1240 Afros

145 1277 265 1343 Vertat
279 1285 317 1344 ut
332 1289 485 1364 agnoscat
500 1280 640 1344 mundus
659 1290 798 1366 uterque
813 1279 932 1346 Deum.
1000 1278 1042 1341 56

102 1385 279 1462 Occiduas,
296 1383 452 1462 Lodoioe,
468 1382 582 1469 plagas
600 1385 805 1451 oonsoribere
818 1382 962 1460 Christo,

144 1493 263 1578 Perge,
278 1489 573 1577 Deo-queamus
589 1493 635 1558 sie
650 1493 709 1559 tibi
719 1513 837 1556 nomen
850 1492 924 1556 erit.

101 1600 261 1686 Quasque
277 1600 366 1678 serit,
383 1599 540 1678 Lodoioe,
555 1609 657 1664 motas
671 1597 839 1664 Phoenioia
854 1595 988 1683 palmas,

145 1707 212 1772 Ibit
225 1717 260 1772 et
273 1707 306 1771 in
320 1704 427 1771 cultus
443 1703 591 1770 Barbara
603 1715 695 1771 terra
711 1715 796 1771 tuos.
998 1710 1039 1770 60

98 1815 184 1882 Haee
198 1826 236 1880 ut
250 1815 284 1880 in
299 1813 457 1880 Oooiduia
470 1812 606 1891 fuerim,
630 1807 767 1880 Oriente
782 1812 930 1890 subaoto,

140 1921 294 1989 Efficient
309 1922 445 2007 pavidos
461 1909 599 1987 Cetaria
613 1939 706 1985 arma·
717 1919 834 1985 Getas.
855 1971 858 1978 .

96 2027 331 2116 Europamque
346 2013 436 2092 Asiae
446 2029 599 2113 jungent,
619 2034 658 2090 et
674 2022 797 2090 Sestau
808 2021 950 2109 Abydo;

136 2137 246 2202 Roma
259 2133 483 2220 triumphabit,
501 2131 628 2198 Caesiris
644 2142 739 2197 aucta
754 2152 862 2196 manu.
991 2130 1034 2196 ot

95 2244 151 2310 Sic
167 2252 266 2329 caput
282 2241 369 2307 orbis
382 2240 458 2318 eris,
475 2240 521 2307 sic
536 2240 642 2307 Divus
657 2239 823 2305 habebere
836 2235 958 2316 Caesar,

137 2349 193 2418 sie
208 2351 278 2429 tibi,
295 2350 340 2414 rie
352 2371 414 2435 per
428 2357 461 2415 te
475 2346 624 2414 redditus
640 2347 729 2412 orbis
744 2345 817 2410 erit.

93 2458 126 2526 O
141 2458 221 2524 mihi
234 2458 302 2524 fata
315 2456 431 2524 darent
444 2479 483 2524 ea
498 2477 631 2523 eernere
644 2455 812 2541 tempora!
828 2462 918 2517 vates

136 2563 275 2628 Caesaris
291 2571 325 2627 et
339 2563 437 2648 regis,
448 2561 550 2648 Kelly
560 2561 665 2626 'fuisse
680 2561 775 2626 ferar.
991 2559 1034 2623 68

91 2668 220 2736 Audior
231 2666 274 2734 ah
284 2665 365 2732 nulli
377 2668 385 2730 i
397 2665 527 2733 oravere
542 2665 693 2732 incendia
707 2664 802 2744 belli;

132 2774 213 2840 Non
224 2774 371 2839 homines
386 2775 492 2855 audis,
506 2797 579 2854 nec,
590 2773 741 2851 Lodoioe,
754 2773 857 2840 DeoS.

90 2879 217 2968 Magna
232 2890 288 2946 tua
303 2880 447 2959 ambitio,
467 2891 543 2947 tuus
557 2880 747 2947 insatiabilis
763 2879 871 2959 ardor,

132 2989 280 3076 Europae
294 2987 383 3054 nullo
398 2989 555 3055 scandere
563 2991 639 3074 jure
652 2991 816 3056 thronum.
987 2990 1029 3054 72

87 3097 168 3162 Non
181 3097 239 3175 ita,
255 3095 313 3160 Dii
332 3096 474 3174 faveant,
500 3119 560 3162 rex
582 3098 767 3177 ambitione,
784 3095 953 3184 Rodolpbi
968 3107 1030 3174 est,

130 3199 276 3266 Firmato
287 3199 489 3266 Austradtm
504 3223 577 3266 nam
591 3203 713 3288 pietate
728 3203 854 3268 d'omus.

86 3305 206 3393 Regna
222 3305 276 3371 alii
287 3317 436 3393 quaerant
448 3307 609 3393 armisque
621 3309 770 3396 dolisque
784 3307 987 3392 Monarohae,

129 3411 164 3476 A
175 3413 269 3498 justo
279 3412 465 3478 Austriooio
480 3423 555 3478 sunt
570 3415 646 3480 data
657 3437 759 3502 regna
773 3413 857 3481 Deo.
987 3419 1030 3482 76

88 3513 210 3602 Regna
222 3516 296 3602 quis
309 3516 499 3585 Auotaiaoia
510 3518 644 3586 'dubitet
658 3524 835 3586 mansura?
850 3524 1031 3589 manebunt

341 3745 509 3808 *Jerusalem
519 3745 559 3799 the
568 3746 657 3816 capital
668 3748 695 3800 of
704 3750 719 3800 J
722 3749 790 3803 udea.

805 3845 864 3904 122
