2438 4308
164 325 207 392 36
543 309 725 394 murnum.

162 496 327 582 Ingratum
341 505 466 582 gratus,
483 493 576 580 Papo
589 495 796 573 exhortante,
813 494 933 563 revisit.
1050 511 1053 518 ’

162 601 233 668 Τθι·
247 603 341 668 denls
356 602 436 681 aliis,
452 601 519 687 qud
533 625 670 688 magnus
685 601 877 688 Apostolus,
892 602 997 670 aunis.
1042 605 1111 670 610

162 709 277 776 Intulit
290 709 343 781 ille
358 710 458 782 fidem
471 710 579 786 nobis,
593 709 755 794 ritumque
770 707 899 776 colendi

163 816 343 884 leicolas.
383 814 453 882 Sed
467 838 550 902 ques
564 814 819 901 lacrymasque
833 814 948 882 lunera
962 829 1078 884 causat

162 924 269 991 Unius
284 925 395 990 uxoris
411 924 549 1010 ruptus?
572 933 622 989 tot
636 923 729 1008 origo
742 922 900 990 melorum

162 1032 306 1099 Faemina
320 1042 515 1099 nostrorum.
560 1029 696 1113 Trojom
710 1027 875 1094 Menelais
888 1031 1010 1116 conjux

162 1139 325 1218 Perdidit,
341 1149 375 1204 et
389 1149 533 1206 nostram
547 1147 678 1222 gentem
693 1136 806 1221 regina
821 1134 944 1201 Conori
1044 1140 1111 1200 615

161 1245 276 1334 Regis.
321 1245 405 1312 Eam
420 1244 530 1330 rapuit
545 1244 696 1327 princeps
711 1241 898 1328 Lagenius:
920 1239 1009 1310 illum

162 1352 240 1423 Rex
254 1352 453 1438 indignatus,
469 1348 576 1437 patrii
591 1348 751 1434 spoliavit,
766 1361 800 1416 et
815 1348 897 1435 ipsd,

161 1458 208 1523 Ni
223 1458 362 1545 fugeret,
378 1457 453 1532 viti.
497 1455 658 1540 Princeps
674 1454 758 1542 fugit
772 1455 850 1521 exul
864 1455 906 1520 ad
922 1453 1069 1540 Anglos;

161 1563 330 1629 Auxilium
344 1562 495 1650 imploret
509 1563 617 1649 regis3
641 1585 700 1628 rex
716 1562 848 1642 annuit3
872 1560 998 1648 Anglos
1041 1563 1110 1628 619

161 1671 266 1738 Mittit
281 1673 314 1738 in
330 1671 483 1736 auxilium
495 1696 503 1734 ε
517 1671 635 1736 Comes
646 1670 698 1734 his
712 1671 901 1756 cognomine
911 1667 1110 1756 Strongbow

162 1777 318 1844 Praefuit:
341 1777 395 1844 hic
410 1778 516 1844 factus
531 1799 633 1862 gener
648 1775 779 1855 Exulis,
795 1775 888 1844 Exul
902 1778 1031 1862 etipse.

161 1884 326 1950 Redditus
341 1885 417 1950 inde
432 1884 526 1949 bonis
541 1884 742 1968 patrieque:
765 1882 884 1950 deinde
899 1894 1011 1949 secuta

160 1988 234 2054 Pax
248 1991 487 2076 regni,paucos
504 1990 562 2055 sed
578 1991 736 2057 duratura
749 2012 809 2075 per
824 2009 946 2068 annos3

161 2094 244 2159 Cum
259 2096 351 2180 regni
366 2115 518 2181 proceres
534 2117 606 2162 sese
620 2095 766 2165 civilibus
780 2096 876 2162 ermis
1039 2096 1108 2160 624

159 2202 371 2288 Impeterent.
415 2202 517 2288 Papae
531 2203 607 2270 hinc
623 2205 754 2269 mittunt
768 2204 928 2284 diadema,
943 2204 1001 2269 sed
1016 2201 1070 2268 ille

159 2308 344 2396 Anglorum
359 2311 429 2396 regi
444 2311 577 2376 missum
592 2311 743 2376 diadema
757 2313 901 2378 remittit.

158 2415 214 2481 An
228 2414 319 2482 litem
334 2427 372 2482 ut
385 2438 537 2502 proceres
551 2418 642 2482 inter·
650 2429 822 2504 componet
837 2429 871 2484 et
885 2417 960 2484 inde

159 2524 326 2591 Restituat
341 2523 411 2610 regi
425 2525 557 2590 missum
571 2524 721 2591 diadema
735 2526 894 2591 merenti?

158 2632 255 2698 Anne
268 2632 345 2698 dolo
360 2632 465 2717 (Papa
474 2631 602 2718 Anglus
617 2634 699 2716 erat)
715 2633 925 2719 quidcunque
938 2631 989 2708 sit,
1004 2629 1104 2716 Angli

159 2740 276 2805 Gentis
292 2741 402 2806 adhuc
417 2753 535 2805 nostrae
551 2741 702 2818 retinent,
719 2739 804 2826 proh
815 2740 901 2805 fata!
924 2759 1086 2803 coronam.

156 2848 245 2913 Hinc
260 2848 445 2924 inimicitiae,
459 2845 536 2910 hinc
550 2845 646 2924 bella,
661 2845 737 2910 hinc
752 2847 827 2913 odia
842 2867 957 2932 aspera
971 2853 1104 2928 gentem

156 2953 247 3018 Inter
262 2962 442 3036 utramque.
490 2951 570 3016 Fide
585 2952 747 3017 discordia
762 2951 893 3038 dispare
908 2949 1035 3016 crescit.

157 3063 223 3134 Sed
233 3062 312 3147 quid
322 3082 384 3147 ego
396 3059 488 3124 haecl
504 3060 611 3126 varius
618 3063 686 3146 jam
698 3082 748 3125 me
758 3072 851 3126 vocat
862 3057 967 3124 incola
977 3066 1102 3121 nostrae

156 3172 285 3251 Gentis.
331 3169 380 3238 Ut
395 3169 564 3255 incipiam:
589 3169 785 3235 tumidarum
800 3179 908 3234 rector
922 3185 1081 3251 aquarum

155 3276 332 3342 Viventdm
345 3299 450 3362 genus
461 3298 559 3359 ¹omne
575 3273 659 3352 tulit,
676 3274 897 3360 Cypriumque
913 3271 1064 3346 calorem,

154 3382 323 3450 Fluctibus
335 3384 485 3478 extinxit,
499 3393 604 3449 totum
619 3381 846 3467 cataclysmate
859 3379 1016 3447 mundum
1036 3377 1104 3442 636

154 3489 286 3555 Punivit
300 3489 427 3556 merito.
472 3490 531 3556 Bis
546 3491 633 3556 senis
650 3491 739 3555 Arca
754 3489 884 3567 Noemi,

152 3595 325 3664 Mensibus
341 3609 428 3664 errat
441 3599 535 3684 aquis
551 3599 678 3666 subitis.
724 3597 791 3664 Sex
807 3597 882 3666 inde
898 3597 948 3664 bis
965 3593 1056 3662 annis
