2438 4308
427 343 605 392 masonis.
991 329 1030 394 17

129 487 223 582 Ergo
234 494 351 583 procul
361 497 467 578 nobis,
482 497 673 566 machaonia
686 500 805 566 turba*
821 499 968 580 facesse3
988 501 1033 566 45

14 675 15 678 Ἴ
88 591 180 664 Aura
194 599 333 669 salubris
347 604 433 668 enirn
447 605 542 670 nobis
556 615 590 670 et
603 603 702 691 longa
716 617 867 674 senectus
879 632 889 687 ς

88 701 164 768 Non
179 727 264 790 opus
279 717 332 772 est
345 708 493 775 medico:
518 731 585 775 non
599 707 653 775 hio
669 709 837 791 Libitinat
851 713 1011 790 recondit,

90 811 220 878 Semina
235 815 441 880 morborum:
463 814 582 880 multos
593 826 700 882 tanmn
715 827 813 904 urget
826 831 923 884 acuta

90 915 215 997 Febris,
231 921 313 986 etin
327 923 445 1006 quinta
459 922 641 986 moriuntur
655 920 729 988 luce
744 919 944 1008 frequenter.

130 1024 316 1093 Fertilitate
329 1028 404 1112 pari
417 1023 541 1093 telluris
550 1027 712 1093 Hibernia
726 1029 860 1114 guadet.
991 1029 1034 1096 50

90 1135 164 1210 Quo
179 1146 213 1200 te
227 1157 357 1221 cunque
370 1134 456 1201 feres
471 1145 573 1201 totam
588 1136 747 1203 mirabere
763 1147 915 1224 gentem

88 1242 254 1310 inclusum
268 1265 389 1309 oceano
405 1242 594 1308 distinctum
609 1243 744 1310 floribus
757 1244 889 1312 hortum
992 1299 997 1306 .

87 1348 172 1414 Esse
186 1360 295 1434 putes,
311 1373 346 1416 se
361 1352 394 1416 in
408 1361 458 1417 tot
472 1361 576 1418 mutat
591 1365 710 1419 natura
724 1351 859 1440 figuras.

87 1454 315 1542 Luxuriatque
331 1457 416 1524 inter
430 1458 737 1525 rerum'discrimina
752 1469 852 1525 tanta.

87 1564 118 1628 0
133 1587 233 1651 quam
242 1565 380 1650 pulchra
393 1565 458 1632 loci
466 1564 585 1634 facies!
600 1565 676 1632 laeta
689 1567 810 1646 omnia,
823 1565 900 1632 laeta
990 1570 1032 1634 55

86 1670 218 1738 Vernat
227 1671 356 1750 humus,
371 1671 527 1759 lectisque
542 1675 643 1761 gemit
655 1674 718 1739 sub
732 1673 894 1740 fructibus
910 1674 1018 1755 arbos,

85 1775 130 1842 Et
144 1778 228 1864 picti
240 1778 338 1844 variis
353 1778 517 1846 delectant
533 1779 668 1846 floribus
684 1781 765 1866 agri,

85 1882 130 1950 Et
146 1895 218 1950 sata
232 1887 395 1953 virescunt
411 1887 556 1974 spatiosa
565 1909 627 1974 per
637 1907 770 1972 aequora
787 1887 903 1975 campi,

86 1994 257 2081 Sylvaeque
272 1996 432 2082 ingentes,
445 2007 583 2076 montes,
599 2019 733 2063 nemora
745 1979 823 2078 alta,
841 2019 989 2066 recessus

86 2102 279 2184 Umbriferi,
293 2116 327 2169 et
341 2104 406 2170 late
421 2105 627 2192 distinguunt
639 2104 771 2170 flumina
786 2127 928 2192 campos.
988 2105 1032 2171 60

129 2212 254 2279 Fictitii
268 2223 394 2278 montes
408 2212 602 2280 Graecorum
614 2221 648 2280 et
662 2212 819 2280 Thessala
830 2211 955 2301 Tempe

85 2320 374 2407 Hesperidumque
389 2321 478 2387 horti
491 2325 584 2408 (quos
600 2331 678 2390 tunc
693 2323 828 2388 mentita
841 2332 987 2389 vetustas

85 2425 215 2494 Extulit
227 2429 270 2494 ad
286 2451 375 2494 seros
389 2428 481 2496 tanta
492 2452 566 2495 cum
579 2427 677 2495 laude
690 2429 843 2516 nepotes)

84 2533 165 2600 Non
178 2535 257 2600 mihi
272 2557 308 2600 se
323 2535 488 2620 objiciant.
533 2534 579 2611 Si,
594 2557 668 2619 quae
679 2556 744 2599 non
759 2533 869 2598 fabula
880 2533 985 2612 finxit,

87 2627 229 2706 Munera
243 2640 424 2719 deducant;
441 2662 514 2706 mea
528 2661 608 2726 gens
624 2661 689 2704 non
703 2639 827 2704 invidet
839 2637 913 2720 illis,
987 2639 1029 2705 65

85 2747 228 2813 Munera
238 2759 360 2834 quanta
371 2748 488 2815 ferant.
502 2747 649 2833 Sparsim
659 2748 779 2833 quibus
788 2747 876 2814 orbis
885 2748 1030 2815 abundat

86 2855 248 2922 Omnibus
263 2855 441 2942 adjunctim
456 2866 575 2922 terram
583 2855 669 2921 hane
679 2864 796 2921 natura
808 2854 926 2920 beavit.

87 2961 221 3028 Oceano
235 2973 273 3029 ut
286 2972 357 3029 toto
373 2964 476 3028 divisa
490 2971 543 3028 est
556 2961 669 3028 Insula
684 2963 727 3028 ab
738 2962 829 3043 orbe,

86 3071 216 3137 Natura
228 3071 284 3138 hic
299 3073 381 3139 vasti
392 3072 469 3138 fecit
484 3070 675 3156 compendia
688 3070 811 3136 mundi.

113 3179 281 3246 Portubus
295 3182 471 3246 innumeris
487 3179 578 3266 regio
593 3187 685 3264 patet
700 3199 831 3262 aequore
846 3178 888 3243 ab
900 3175 977 3258 alto,
986 3177 1028 3242 70

85 3284 252 3358 Qualibet
266 3286 411 3373 appulsis
424 3288 521 3353 statio
532 3285 686 3352 benefida
698 3283 833 3362 catinia,

134 3511 149 3540 ·
161 3509 296 3570 Machaon,
309 3525 353 3560 sou
365 3510 392 3560 ol
401 3511 564 3580 AEsculapius,
575 3511 596 3562 ia
607 3509 703 3579 applied
712 3517 737 3560 to
749 3509 846 3577 signily,
855 3511 880 3560 in
892 3510 938 3560 this
949 3511 1026 3579 place,

85 3601 123 3653 the
136 3601 238 3652 medical
247 3601 316 3652 tribe.
1042 3615 1044 3618 ⁴

134 3689 272 3752 2Libitinr,
283 3690 402 3760 supposed
414 3691 445 3759 by
458 3691 499 3744 the
510 3691 625 3744 benthem
638 3699 663 3742 to
672 3689 765 3758 preside
776 3705 830 3742 orer
842 3689 956 3742 suaerals.
