2440 4292
430 335 607 382 ιιιιιιιιιιιιι.
990 315 1032 379 97

61 437 64 442 ¹
88 486 174 552 Haec
195 509 328 552 nemora
347 487 516 574 Indigena,
537 487 643 555 Fauni
661 487 858 574 Nymphoeq.
876 489 1033 556 tenebant

90 592 249 678 (iensque
263 593 367 658 virrim
381 594 516 674 mucis,
531 605 567 662 et
580 595 665 661 duro
677 597 795 663 robore
809 595 887 662 noti.

89 719 134 784 Et
147 719 317 786 Juvennlis
332 721 439 806 Satyr.
454 723 487 788 5.
566 791 568 799 ,

409 851 466 941 qui
478 859 577 939 rupto
591 851 710 917 robore
725 851 805 932 nati,

131 955 378 1042 compositique
391 955 461 1025 luto
474 955 580 1022 nullos
594 957 742 1023 habuere
757 941 922 1046 parentes.

90 1081 215 1150 Verum
232 1108 240 1148 ι
264 1085 339 1148 siin
354 1084 464 1153 Sacrae
480 1084 659 1172 Scriptum
676 1107 772 1158 sensu
788 1087 936 1176 gigantes
952 1085 1036 1152 acci-

16 1189 17 1200 ’
90 1193 229 1276 piamus,
260 1214 329 1260 non
349 1202 541 1264 monstrosae
560 1194 764 1279 proceritatis
790 1192 948 1270 homines,
975 1192 1034 1258 sed

16 1329 18 1418 t

16 1643 18 1740 l

16 1741 17 1806 ι

16 1901 18 1982 l

16 1987 17 2052 ι

93 1299 280 1389 Tyrannos,
296 1309 329 1368 ot
343 1299 509 1368 bominum
520 1323 731 1391 oppressores
747 1300 903 1368 denotant
918 1299 976 1386 qui
990 1297 1034 1390 ob

89 1406 219 1476 nimiam
240 1429 354 1478 eornm
377 1405 618 1478 sensualitatem
631 1430 649 1474 e
665 1407 749 1476 coelo
763 1407 860 1494 lapsi,
878 1405 931 1472 vel
946 1403 1034 1474 terre

90 1514 191 1598 geniti
204 1512 354 1582 feruntur
367 1540 376 1594 3
390 1513 467 1581 binc
483 1513 678 1600 Aborigines
694 1514 784 1592 dicti,
805 1523 893 1580 utut
908 1513 961 1592 sit,
976 1534 1033 1599 pe-

90 1620 183 1688 rinde
197 1631 248 1686 est
263 1620 306 1685 ad
320 1631 467 1688 noemam
481 1624 693 1714 propositum.

151 1727 270 1814 Itaque
290 1726 509 1794 Partholanus
533 1729 640 1814 (cnjus
666 1725 889 1816 genealogiam
908 1726 983 1794 vide
1001 1727 1036 1794 in

91 1834 263 1904 Schemate
278 1845 390 1900 nostro
406 1834 616 1922 genealogioo
633 1835 840 1905 Coloniarum
852 1832 1035 1918 Hiberniae)

91 1967 108 2012 e
121 1942 307 2034 Mygdoniis
316 1941 520 2011 Macedoniae
535 1944 679 2030 regione,
688 1941 739 2008 vel
752 1940 1033 2028 Graeco-Scythia,

90 2061 124 2120 ut
139 2049 195 2118 alii
209 2048 332 2131 volunt,
346 2050 481 2136 primam
495 2051 529 2116 in
541 2047 735 2120 Hiberniam
748 2049 916 2122 Coloniam
928 2049 1034 2127 duxit,

86 2158 183 2241 juxta
199 2155 343 2223 Flahert.
368 2178 454 2225 anno
468 2154 589 2225 Mundi
610 2157 759 2242 expirato
777 2162 868 2227 1696.
895 2156 937 2222 ab
949 2156 1037 2242 ‘uni-

16 2323 17 2330 ,
91 2262 207 2332 vernali
232 2261 352 2332 diluvio
373 2269 449 2349 fill,
473 2272 508 2329 et
536 2263 640 2334 aetatis
660 2261 807 2329 Abrnhae
829 2269 883 2346 21,
904 2271 1035 2347 portum

92 2392 155 2454 que
182 2369 290 2454 attigit
304 2368 501 2458 Ioversgene
523 2369 558 2438 in
580 2368 718 2458 Kirigiae
735 2367 909 2446 Comitatn,
924 2389 1034 2435 mense

92 2475 193 2554 Maio,
208 2473 287 2546 lunt
303 2482 354 2554 le,
370 2476 423 2544 die
439 2474 569 2542 Martis.
586 2474 685 2544 Unde
700 2473 851 2562 colligere
867 2485 929 2554 est,
944 2473 1033 2540 Nos-

90 2565 156 2650 tros
187 2582 262 2654 olim
282 2584 316 2650 in
341 2593 522 2669 temporum
551 2582 748 2649 dimensione
769 2580 896 2653 Lunam
920 2582 1032 2648 obser·

89 2689 194 2772 vaisse,
210 2690 307 2774 juxta
329 2689 520 2757 vetustiores
541 2687 714 2780 plerosque
728 2686 942 2774 Antiquarios
959 2711 1033 2756 nos·

90 2808 177 2863 tros:
207 2797 267 2868 sed
291 2794 357 2882 quai
377 2796 502 2865 ratione
517 2795 635 2864 mensis
650 2794 744 2874 Maii,
760 2806 816 2863 aut
836 2795 901 2864 diei
915 2795 1033 2864 Martis

89 2902 147 2973 fiat
161 2904 281 2972 mentio
296 2925 362 2974 non
376 2924 551 2994 assequor:
567 2924 640 2972 cum
655 2903 741 2973 circa
755 2902 790 2970 id
806 2916 934 2990 tempus
946 2906 1033 2990 ejus·

88 3011 177 3075 modi
200 3011 354 3095 temporis
381 3009 567 3074 distributio
589 3008 676 3076 facte
701 3031 766 3082 non
786 3009 893 3079 fuerit.
952 3009 1030 3076 Vid.

88 3127 196 3180 tamen
210 3114 254 3180 D.
269 3113 425 3180 Flahertii
440 3115 657 3199 conjecturam
674 3135 749 3201 pag.
771 3120 842 3179 163.
860 3135 927 3179 suae
940 3111 1031 3200 Ogy-

88 3243 160 3306 gree.

153 3322 388 3389 Partbolonnrn
412 3323 545 3408 (praeter
569 3324 640 3409 ejus
666 3345 812 3403 uxorem,
835 3321 1029 3410 Elegnatam
1165 3335 1169 3342 '

86 3431 254 3497 hibernici:
264 3429 391 3516 Elgam,
401 3429 550 3517 filiosque
559 3432 630 3516 ejus
640 3429 1027 3518 Rudricium,Slangium‚

87 3549 121 3605 et
133 3537 319 3624 Legneum)
343 3537 486 3603 comitati
513 3549 588 3604 sunt
614 3535 699 3604 mille
722 3537 792 3617 viri,
818 3538 935 3626 quibus
956 3539 1028 3606 haec
1122 3577 1124 3580 >

86 3655 157 3711 tota
173 3643 298 3711 colonia
313 3643 491 3711 constabat.

832 3774 854 3820 n
