2438 4308
192 327 232 392 14
337 325 341 333 '
438 309 677 392 rnarauro'ao
692 343 880 392 orcroaru.

189 499 277 579 vitia,
292 497 343 564 vel
356 497 606 566 consuetudines
621 496 780 583 quosdam
794 497 964 576 barbaras,
979 504 1055 560 ante
1073 515 1135 558 sae·

189 602 262 668 cula
278 602 474 683 Christiana,
497 602 592 667 nobis
615 624 689 667 cum
713 601 782 672 aliis
806 601 952 690 Europae
975 603 1133 688 gentibus

189 733 386 790 communes,
414 713 449 777 in
473 709 644 778 Hiberniae
668 710 887 794 descriptione
908 708 1132 777 accumulant:

188 818 246 902 qui
265 820 366 904 siper
389 829 534 884 nostram
553 829 610 884 aut
632 817 767 883 aliorum
783 817 987 902 Scriptorum
1001 827 1134 882 nostro-

188 954 260 996 rum
283 931 352 1017 (qui
376 952 462 997 nunc
488 929 577 996 velut
599 953 696 996 canes
718 932 800 996 muti
825 953 891 996 non
912 931 1055 997 valentes
1079 931 1134 997 vel

187 1040 297 1125 potius
320 1062 385 1105 non
406 1040 565 1107 audentes
579 1039 711 1124 latrare)
726 1040 866 1117 vincant,
881 1051 939 1104 aut
953 1040 1036 1120 orbi,
1050 1062 1134 1124 qua·

187 1167 315 1231 cunque
337 1147 379 1211 de
401 1159 504 1210 causa·
520 1145 721 1222 assentienti,
743 1145 921 1230 imponant,
947 1144 1042 1209 nobis
1057 1157 1132 1209 tan-

187 1253 262 1318 dem
275 1253 384 1319 dicere
400 1251 548 1316 sufficiat.

344 1385 362 1410 ‘¹
374 1366 469 1428 Victrix
480 1391 553 1426 cauea
561 1377 612 1426 orbi
619 1377 720 1444 placeat,
730 1379 771 1428 sed
783 1377 957 1444 complacebit

375 1465 454 1516 Nobis
462 1465 519 1515 dum
532 1474 628 1516 moneat
640 1481 688 1516 ooo
699 1467 787 1516 violata
798 1465 881 1517 fides.''

184 1579 374 1665 Descriptio
399 1577 572 1662 Bipartita,
596 1579 689 1663 regni
707 1577 889 1655 Hibernia,
916 1600 975 1643 seu
989 1577 1131 1666 Majoris
1206 1565 1207 1630 l

185 1686 305 1756 Scotiae
319 1687 512 1752 Sanctorum
526 1683 649 1752 insulae.
1206 1679 1207 1696 l

250 1795 332 1860 Pars
346 1795 460 1881 prima,
474 1791 608 1858 metrice
624 1791 781 1876 exhibita,
796 1792 925 1857 duabus
940 1792 1131 1858 absolvetur

187 1901 396 1976 sectionibus,
418 1919 556 1983 quarum
578 1897 680 1982 priori
699 1906 815 1983 agetur
838 1898 881 1962 de
896 1897 1066 1964 Hiberniae
1079 1900 1131 1964 in-

186 2013 266 2091 sula,
293 2011 364 2095 ejus
388 2007 462 2084 situ,
485 2006 696 2082 dimensione,
723 2005 820 2070 variis
834 2007 1028 2085 nominibus,
1044 2010 1134 2092 coeli,

185 2119 309 2206 solique
322 2120 489 2187 fertilitate
505 2144 542 2188 ac
554 2121 771 2188 fecunditate:
786 2125 882 2189 maris
897 2123 973 2187 item
988 2143 1133 2186 commo·
1195 2130 1198 2136 '

185 2229 355 2306 ditatibus,
380 2229 514 2295 diversis
529 2231 738 2296 animantium
751 2231 934 2316 speciebus,
949 2227 1131 2293 incolarum

184 2335 340 2414 moribus,
370 2335 536 2422 religione,
556 2335 679 2422 linguai,
700 2337 840 2424 legibus,
869 2336 989 2414 studi0‚
1010 2333 1132 2400 bellicis

183 2441 292 2521 laude,
317 2441 393 2506 viris
410 2443 581 2508 sanctitate
596 2443 777 2528 conspicuis
792 2469 799 2521 ;
824 2465 861 2507 ac
877 2442 1006 2506 demum
1021 2439 1063 2504 da
1079 2441 1132 2505 di-

183 2550 285 2614 versis
294 2547 462 2617 Hiberniae
474 2549 592 2617 ,incolis
608 2563 641 2616 et
657 2553 751 2638 regni
762 2551 985 2628 divisionibus,
996 2550 1131 2615 mirabi-

183 2654 281 2732 libus,
298 2657 357 2721 &c.
373 2657 544 2742 posteriori
560 2657 636 2720 veri)
650 2668 745 2743 parte
769 2671 885 2744 agetur
896 2656 938 2721 de
953 2655 1049 2720 variis
1063 2653 1129 2722 Hi-

183 2763 306 2828 berniae
321 2765 466 2848 regibus,
481 2775 548 2830 tam
560 2764 709 2845 ethnicis,
723 2766 820 2849 quam
828 2764 1033 2842 Christianis,
1046 2761 1129 2831 His·
1206 2793 1207 2796 ¹

184 2865 554 2954 torino-Chronologicir,
571 2869 628 2932 &c
