2440 4292
456 355 634 401 ernanum.
931 405 934 414 ,
958 339 1013 400 lli

82 503 135 587 qui
168 504 335 571 &neam
364 504 550 573 Cantabriae
580 505 700 572 incolas
730 505 928 594 Massagetis
957 529 1016 572 seu

81 609 206 694 Schytis
219 609 374 676 oriundos
389 610 485 677 docet
498 611 550 676 his
563 633 647 677 vers.
664 610 738 677 Lib.
755 613 786 677 3.

81 733 163 800 “'Et
177 738 235 820 qui
249 737 471 822 Massageten
485 747 642 802 monstrat
656 736 785 802 feritate
800 747 967 821 parentem

106 839 316 930 'Cornipedis
331 842 404 908 fusi
419 845 554 922 sanaris,
575 844 741 911 Coacuae:
756 843 864 910 vena?

81 968 123 1035 Et
136 968 235 1054 paulo
251 982 327 1054 post
341 969 497 1035 Sosanam
515 969 683 1057 Hispaniae
698 972 812 1034 urbem
827 993 846 1034 a
861 969 1019 1035 Sarmatia

81 1076 241 1140 conditam
255 1075 354 1141 tradit
368 1075 431 1141 hoc
446 1098 551 1142 versu.

130 1179 311 1264 Priscaque
335 1180 536 1246 Sarmaticos
561 1181 711 1246 attollens
737 1181 863 1247 Sasona
896 1203 1016 1245 muros.

80 1285 141 1351 Per
156 1285 356 1351 Sarmaticos
370 1287 448 1371 quid
466 1277 553 1352 aliud
577 1309 687 1353 omnes
711 1285 895 1372 intelligunt
910 1285 1019 1372 Scrip-

80 1403 175 1470 tores,
192 1393 292 1478 quam
307 1392 469 1480 Schytas?
513 1394 629 1468 Quid?
649 1393 738 1478 qudd
750 1393 865 1458 Ibant
875 1391 1018 1457 celeber·

80 1501 176 1564 rimus
194 1499 365 1584 Hispaniae
380 1501 510 1579 fluvius,
525 1524 622 1587 aquo
638 1499 829 1566 Hiberniam
844 1501 942 1585 aliqui
953 1500 1021 1566 dic·

80 1617 141 1669 tam
156 1605 282 1683 volunt,
297 1607 330 1669 in
346 1604 522 1672 Cantabria
545 1619 651 1671 ortum
672 1606 812 1670 habeat:
835 1605 1020 1690 ibidemque

79 1715 109 1777 in
124 1712 266 1787 Biscairi,
281 1713 449 1778 Hiberniae
463 1714 623 1799 proxima,
639 1713 820 1798 Schyticum
835 1723 1020 1798 promonto-

80 1824 157 1886 rium
173 1822 326 1887 emineat.
350 1821 440 1895 Quid
455 1820 573 1908 plura?
592 1821 674 1887 adeo
690 1843 800 1886 omnes
814 1819 1020 1885 consentiunt

80 1927 356 1992 Scato-Hibernos
377 1948 418 1991 ex
439 1928 606 2014 Hispania
625 1928 657 1992 in
678 1929 871 1993 Hiberniam
893 1929 1021 1994 commi-

81 2032 200 2116 grasse,
225 2044 262 2097 ut
276 2032 468 2116 probatione
491 2032 627 2118 amplius
649 2057 713 2099 non
729 2046 843 2121 egeat3
868 2036 925 2101 sed
941 2057 1021 2122 quo-

80 2138 174 2202 modo
213 2148 247 2200 et
281 2137 439 2221 quando?
483 2158 569 2200 nunc
603 2138 850 2203 ostendendum.
893 2137 1019 2223 Itaque,

140 2241 310 2310 Hibernos
326 2267 368 2309 ex
388 2267 502 2330 campo
525 2245 650 2310 Senator
673 2245 705 2309 in
728 2247 870 2331 gentium
896 2245 1022 2331 disper-

81 2353 184 2429 sione,
200 2351 284 2416 duce
299 2351 431 2416 Fenisio
444 2351 595 2416 Ferauitlt
611 2353 719 2435 (quem
735 2351 873 2415 diximus
886 2349 1020 2436 Japtett

80 2481 136 2542 per
159 2457 291 2544 Magog
316 2445 528 2542 pronepotem
553 2468 586 2521 et
606 2453 729 2521 Heberi
750 2457 960 2534 coaetaneum)
988 2456 1021 2519 in

82 2567 248 2650 Scaptium
263 2564 427 2640 duximus,
454 2563 512 2627 ubi
526 2585 585 2647 per
600 2561 713 2626 decem
729 2560 954 2646 generationes
969 2583 1023 2623 us-

82 2693 141 2755 que
164 2669 207 2733 ad
230 2667 429 2755 Lamfiaaum
453 2667 653 2733 habitdrunt.
699 2666 886 2752 Lamfinnaa
910 2665 1021 2752 igitur,

81 2776 193 2842 relicta
219 2774 363 2861 schynt,
389 2773 452 2855 vit,
481 2797 579 2859 quam
612 2788 687 2839 ante
714 2774 954 2860 descripsimus,
988 2775 1022 2839 in
1085 2843 1091 2858 ⁸

82 2884 225 2950 Africam
246 2882 418 2967 navigavit,
443 2883 501 2946 ubi
515 2871 625 2947 sedem
639 2884 723 2947 inter
743 2883 876 2948 Getuloa
890 2883 964 2948 fixit
978 2883 1022 2947 ad

82 3016 153 3058 ann.
170 2991 284 3056 mundi
298 2989 394 3068 2245,
414 3005 664 3075 manseruntque
679 2991 725 3056 ibi
739 2993 810 3077 ejus
825 2992 947 3076 posteri
962 3011 1022 3076 per

82 3121 194 3165 novem
209 3099 434 3184 generationes
449 3098 606 3183 usquead
622 3098 804 3164 Brathoum
818 3121 838 3162 a
851 3099 1022 3182 Lanfinnc

82 3229 212 3284 nonum,
229 3206 348 3291 dequo
364 3205 462 3296 paulo
485 3217 558 3271 ante
582 3207 681 3272 verba
703 3205 847 3279 fecimus,
875 3213 908 3266 et
930 3202 1022 3288 cujus

83 3314 234 3400 auspiciis
259 3312 404 3397 Majores
424 3313 530 3378 nostri
555 3335 597 3377 ex
624 3310 737 3376 Africa
767 3311 801 3372 in
830 3305 1023 3394 Hispaniam

83 3420 309 3494 transiverunt,
327 3420 413 3482 circa
428 3441 503 3482 ann.
517 3418 629 3482 mundi
644 3418 741 3494 2767,
763 3414 1024 3500 mansionemque

82 3527 124 3590 ibi
139 3523 287 3591 habuere
302 3547 362 3610 per
376 3527 600 3611 generationes
615 3535 682 3588 tres
695 3544 796 3607 usque
809 3522 851 3586 ad
863 3521 1025 3588 Milesium

83 3633 297 3719 Hispanicum
317 3632 451 3698 dictum.
495 3630 598 3697 Porro
613 3628 772 3706 Milesius,
793 3627 886 3694 aliter
909 3626 1024 3707 Golas,

84 3737 251 3805 Hibemiae
271 3737 401 3826 Regum
419 3736 515 3804 Sator
541 3741 573 3822 (a
595 3758 661 3821 quo
683 3736 825 3804 Hiberoi
848 3735 1025 3813 Μὲἰεείαηὶ,
