2438 4308
420 377 613 427 DEDICATIO·

44 527 172 594 Illorum
189 531 318 597 ducens
335 523 529 598 Nabatbaeis
546 533 638 598 sidus
654 533 695 598 ab
712 535 787 598 oris.

43 629 186 719 Regibus
202 656 286 720 ergo
299 635 405 699 tribus
420 635 512 721 prius
527 635 675 702 illuxisse
689 635 819 704 videtur

45 736 191 825 Regibus
224 763 306 825 ergo
336 741 442 806 tribus
472 752 542 809 sata
563 741 656 810 Gens
688 743 920 830 Steroberga:
958 750 992 807 et

124 845 277 912 habetur

45 951 220 1020 Baltbssar
234 954 377 1040 antiquae
392 953 603 1042 Sternbergae
618 956 736 1022 Gentis
751 959 857 1044 origo,

46 1058 133 1123 Tene
148 1057 299 1151 velbuie
314 1061 411 1126 toties
426 1061 533 1129 affinia
548 1074 717 1130 stemmata
729 1065 820 1151 genti

45 1166 240 1234 Martinicea
249 1167 365 1262 latent,
381 1170 442 1234 toti
457 1171 623 1237 notissima
637 1172 759 1238 mundo

45 1275 214 1342 Nomine?
248 1288 285 1343 et
319 1277 372 1343 bis
409 1277 518 1358 dictis,
548 1301 697 1366 sequere,
732 1281 848 1366 inquit,
885 1303 991 1366 pauco

18 1429 19 1449 ι
122 1381 267 1449 docebo.

18 1455 20 1530 i
45 1490 142 1557 Visus
157 1513 225 1578 ego
238 1493 273 1557 in
288 1491 425 1558 sublime
440 1491 538 1572 trabi,
548 1495 632 1580 jugo
645 1495 763 1560 montis
777 1492 917 1560 anhelus

47 1597 222 1677 Scandere,
238 1597 376 1685 relligio,
391 1600 508 1685 pietas,
525 1601 749 1686 probitasque,
763 1599 925 1686 fidesque,

47 1701 261 1790 virtutesque
276 1727 386 1772 omnes
401 1707 546 1772 resident
560 1707 639 1773 ubi:
662 1706 816 1796 quaelibet
829 1706 895 1772 illio

46 1809 175 1900 Templa
191 1835 254 1878 sua
269 1823 411 1880 ostentat
427 1814 549 1915 (verbis
565 1813 701 1882 audacia
716 1815 828 1898 detur)

47 1920 125 1995 Quae
140 1922 200 1987 vix
214 1944 280 1986 non
296 1922 385 1988 dicas
401 1944 531 2008 aequare
545 1921 667 2008 palatia
681 1921 755 1989 coeli
770 1947 779 1989 ι

45 2029 120 2096 Tum
133 2053 189 2096 me
206 2030 444 2109 observantem,
459 2041 493 2095 et
504 2030 673 2096 mirantem
689 2041 807 2097 cuncta
823 2031 975 2098 trahebat

46 2136 125 2204 Diva
139 2159 264 2203 manu.
286 2137 418 2228 paucis,
424 2137 544 2245 inquit.
545 2159 650 2223 quos
655 2161 782 2246 sqquus
780 2139 901 2209 amavit

45 2245 184 2361 Jupiter,
199 2244 256 2312 bic
271 2219 430 2310 habitote
437 2231 573 2310 darni.
591 2229 684 2330 quos
695 2224 851 2327 seabdere
866 2245 944 2308 fecit

46 2350 103 2418 Per
117 2333 243 2416 durum
259 2349 385 2414 virtutis
400 2347 473 2434 iter}
499 2347 588 2439 Nos
606 2349 754 2430 venimus
768 2369 849 2436 ergo

47 2457 333 2526 Martinicaeorum
377 2453 460 2542 Tum
441 2447 712 2577 pandiblrbnna
727 2454 850 2540 templi,

20 2553 157 2632 Gloria
171 2585 241 2649 quo
256 2559 424 2670 Martimtz
438 2543 762 2648 Dresrmrttortbbbus
776 2569 895 2644 requat.

47 2671 323 2739 Martinieaeorum
339 2655 439 2735 series
436 2641 617 2755 hioldriga'
628 2649 771 2733 ‘videnda

48 2781 215 2848 Heroum.
238 2778 338 2845 hic
309 2801 382 2842 vrva
396 2778 556 2863 spirantes
572 2789 642 2843 arte
655 2775 772 2862 figurae

48 2887 161 2956 Ductae
176 2908 269 2953 auro.
314 2885 354 2950 Ιιι
369 2886 479 2972 primis
495 2883 681 2949 Baemorum
695 2881 826 2948 numina
839 2884 933 2968 regni

49 2994 195 3060 Jorslaus
211 2992 353 3070 Borsita,
371 2991 489 3076 quibus
501 3011 560 3055 seu
576 2988 738 3053 sideribus
754 2987 814 3066 sol,

48 3101 178 3168 Praefuit
194 3125 202 3164 ι
224 3099 323 3178 bunc,
339 3099 439 3164 veluti
452 3100 664 3166 circumstant
679 3095 787 3162 sidera
801 3095 912 3175 solem,

49 3207 171 3275 Circum
186 3227 299 3271 omnes
310 3205 390 3284 nati,
406 3201 607 3290 Sternbergb
618 3199 720 3268 matre
735 3202 848 3280 creati,

51 3313 125 3379 Pars
137 3333 205 3378 uno
219 3312 254 3375 in
269 3311 402 3388 trabeis,
417 3331 493 3396 pars
506 3307 609 3375 altera
624 3306 751 3394 fulgida
765 3307 807 3372 ab
820 3309 933 3385 armis,

51 3415 158 3484 Altera
170 3436 250 3501 pars
265 3411 357 3479 sacris
370 3411 501 3477 nimidm
515 3411 698 3477 veneranda
712 3408 811 3476 tiara:

53 3523 260 3610 Martynicaea
273 3519 398 3597 Duces,
413 3541 493 3605 gens
508 3517 713 3584 Martinicaea
728 3517 882 3598 Catones,

25 3655 26 3658 ¹
54 3629 288 3713 Pontificesque
304 3626 407 3706 dedit,
421 3647 575 3712 proceres
592 3625 684 3689 dedit
698 3622 752 3689 illa
767 3633 896 3710 togatos
913 3651 922 3702 3
989 3715 992 3722 Ι

26 3733 27 3766 ¹
54 3738 150 3803 Unde
166 3735 270 3820 stirpe
286 3733 407 3809 omnes,
422 3733 480 3818 qui
490 3729 661 3796 firmavere
676 3741 822 3795 senatum

26 3827 27 3881 l
54 3843 201 3922 Consiliis,
216 3863 329 3929 regem
343 3840 483 3927 eloquio,
495 3851 552 3906 aut
565 3839 750 3906 victricibus
767 3838 865 3901 armis
