2438 4308
460 357 636 405 niernum.
975 343 1019 408 23

77 511 121 576 Et
130 511 275 597 propriae
289 510 437 589 frondes,
448 510 556 578 alienat
569 510 686 577 fronde
700 513 873 579 virescunt.
953 515 1015 580 221

15 617 17 708 l
77 611 210 684 Robora
224 629 347 704 quanto
359 619 471 684 vides?
493 642 567 705 quar
581 641 648 684 non
662 619 716 686 hic
730 621 874 686 arborio
888 618 990 688 ultum

15 715 16 744 ¹
78 725 154 791 Sese
170 724 269 791 effert
283 727 396 804 ramis,
413 723 608 812 Coelumque
623 728 789 793 cacumine
804 729 933 815 tangit?

77 833 140 898 Hic
164 833 269 912 abies,
288 832 507 920 platanusque
529 833 695 921 frequens,
725 835 867 922 tiliaeque
890 859 1019 904 comon-

15 993 16 1000 ,
140 948 219 1018 tes;
256 991 261 998 .

77 1044 208 1110 Incensi
221 1066 282 1110 nec
295 1056 399 1110 matre
412 1057 536 1127 carent,
547 1070 608 1115 nec
622 1047 728 1116 thuris
742 1050 879 1118 bonore.
954 1049 1020 1117 225

15 1191 16 1198 1
77 1153 230 1219 Vidimus
243 1153 395 1238 ingentes
407 1153 558 1220 Hiberno
572 1156 691 1222 robore
706 1179 816 1235 naves,

76 1258 289 1346 Regalesque
303 1260 392 1326 aedes
407 1258 551 1326 Londini
566 1287 575 1327 ε
599 1264 736 1330 vidimus
751 1263 859 1351 Hagae

77 1365 241 1450 Principis
256 1365 407 1432 lllberno
421 1377 611 1434 constructa
624 1370 745 1455 palatia
759 1372 861 1458 tigno.

79 1472 241 1540 Omnibus
256 1473 309 1539 bre
322 1475 449 1561 magnis
465 1475 564 1562 sylvae
579 1488 654 1544 sunt
668 1477 795 1543 aedibus
810 1489 897 1566 aptae

79 1579 126 1644 Et
140 1581 269 1646 cunctis
283 1579 450 1647 machinis.
495 1581 527 1646 Ο
543 1604 617 1668 quae
631 1582 759 1649 stabula
773 1581 839 1648 alta
853 1581 994 1650 ferarum

15 1707 17 1796 p
79 1687 238 1753 Hibernae
254 1685 369 1772 sylvae!
385 1687 570 1754 timidormn
585 1688 793 1754 h1ccern1tur
807 1711 923 1774 agmen
958 1690 1020 1756 231

80 1797 255 1862 Currere
238 1817 418 1875 cervorum,
434 1795 584 1874 damulas,
607 1819 801 1883 capreaeque
811 1795 944 1883 fugaces

80 1905 169 1970 Per'
156 1927 250 1991 Juga‚
266 1926 326 1990 per
339 1915 477 1981 montes,
491 1925 552 1989 per
566 1903 660 1971 devia
671 1902 810 1970 culmina
824 1902 996 1968 scandunt.

81 2009 288 2098 Endymione
301 2010 367 2076 frui
381 2011 504 2097 poteris
520 2010 598 2097 qud,
613 2010 767 2097 Cynthia,
780 2009 940 2078 Lathmos

83 2119 247 2185 Plurimus
265 2119 320 2184 bic
339 2118 550 2205 gaudentque
564 2117 655 2197 feris,
677 2119 888 2206 gaudentque
907 2114 1024 2184 metal-

168 2225 220 2291 lis.
960 2223 1025 2288 225

15 2357 16 2360 “
126 2329 230 2405 Quod
244 2330 271 2394 si
285 2328 370 2396 forte
385 2353 487 2396 vorax
500 2328 609 2416 lupus,
625 2340 683 2395 aut
697 2328 869 2416 vulpecula
883 2351 997 2396 vecors

82 2436 246 2504 Infestare
260 2459 393 2524 gregem
406 2447 554 2504 tententr
569 2447 743 2522 utrumque
753 2436 885 2502 molossi

15 2541 16 2598 3
83 2543 196 2610 Morte
211 2554 330 2610 necant
343 2543 469 2614 meritis
514 2544 620 2609 Cervo
635 2543 805 2609 insidiatur
819 2554 854 2609 et
866 2563 960 2628 apro,

83 2651 202 2720 Turba
226 2661 352 2732 conum,
371 2661 437 2720 tam
462 2675 541 2718 nare
564 2671 678 2738 sagax,
693 2655 792 2736 quani
806 2671 944 2736 corpore
957 2646 1028 2734 pol·

169 2757 252 2825 lens.

83 2864 140 2930 Ex
147 2865 201 2932 his
217 2866 356 2950 majores
371 2867 514 2953 quidam,
529 2867 726 2953 quidamque
740 2867 891 2934 minores.
963 2863 1028 2932 240

83 2971 132 3037 Hi
145 2972 295 3062 leporem
310 2985 343 3042 et
353 2975 483 3062 vulpem
494 3002 503 3054 ;
526 2997 640 3042 cervos
653 2986 812 3041 venantur
822 2985 857 3040 et
870 2993 969 3060 spros

84 3078 147 3144 Illi.
196 3080 383 3166 Quinetiam
397 3080 534 3168 legimus
548 3079 733 3166 prostrdsse
747 3080 858 3147 leones

84 3187 263 3254 Adductos
278 3187 352 3267 alio,
369 3186 482 3254 nostra
496 3188 539 3252 de
553 3197 663 3274 gente,
678 3185 847 3254 molossos.

15 3275 18 3308 '
83 3293 218 3360 luteresa
231 3293 379 3362 volueres
393 3303 513 3380 urgent
526 3294 713 3380 pernicibus
727 3292 799 3372 ali's,

84 3399 186 3468 Falco
198 3400 292 3468 ferox
303 3413 420 3480 rostro,
435 3413 470 3468 et
482 3403 591 3488 magni
605 3399 696 3467 Jovis
710 3401 849 3486 armiger
863 3395 942 3477 ales,
964 3397 1028 3500 245

84 3509 153 3576 Hic
167 3509 359 3596 squilae,hic
372 3511 449 3576 vere
461 3508 602 3577 falcones
612 3529 741 3595 semper
756 3505 935 3584 abundant,
1056 3597 1058 3600 Α

84 3613 280 3702 Degeneres
293 3639 471 3704 nunquam,
487 3629 545 3686 aut
558 3618 674 3704 patriae
688 3616 815 3690 virtutis
830 3621 976 3700 egentes.

129 3721 244 3802 Prata,
259 3721 358 3804 feras,
373 3727 515 3814 campos,
535 3725 651 3812 sylvas,
664 3723 845 3810 fluviosque
859 3719 1015 3803 lucusque
