2440 4292
88 329 93 340 ,
199 285 259 348 llO
574 303 749 350 nisenam.

194 457 228 520 in
241 456 357 524 itinere
371 458 537 535 morituro,
560 479 578 522 e
595 455 730 541 Schytit
743 453 908 540 profectus
923 467 984 530 est,
1005 452 1136 520 sedem-

193 583 258 646 que
273 565 384 628 nonin
403 563 535 642 Gothia,
558 575 615 628 aut
630 562 770 642 Galatia,
793 573 830 628 ut
845 561 984 647 quidam
1004 560 1133 639 ¹volunt,

195 669 253 734 sed
268 691 327 755 per
342 671 429 736 sinus
445 669 589 755 Illyricos
603 672 637 736 in
651 670 796 736 Africam
815 678 1000 754 penetrans,
1022 666 1139 733 sedem

195 779 278 844 iuter
289 776 428 844 Getulos
438 777 531 856 fixit;
550 779 608 844 ubi
618 789 714 844 natus
726 781 756 844 ei
766 777 852 842 filius
864 773 1010 842 Heberas
1018 775 1138 864 Genu7

194 886 366 964 candidus,
381 887 620 972 dominiumque
634 889 668 952 in
682 899 830 973 posteros
844 887 1016 950 adranam
1028 907 1138 968 usque

195 997 371 1062 transmisit
389 997 639 1082 generationem.
689 996 785 1062 Adeo
806 1005 853 1072 ut,
875 1016 940 1060 non
959 991 1042 1058 male
1065 993 1160 1078 opi·,

195 1115 290 1168 netur
305 1102 488 1170 Flahertius
511 1127 543 1188 p.
563 1105 616 1168 67.
641 1126 723 1189 quos
743 1102 847 1168 nostri
866 1121 1011 1166 sermone
1026 1098 1138 1183 patrio

199 1213 373 1298 Getilaigc
387 1213 552 1290 dixerunt,
567 1211 707 1278 Getulos
721 1211 821 1276 fuisse
843 1234 861 1276 e
881 1210 992 1296 primis
1012 1207 1137 1272 Africae

195 1315 371 1404 indigenis,
391 1340 528 1403 quorum
549 1317 758 1404 postmodnm
772 1316 845 1383 Rex
860 1317 981 1382 [arbas
996 1315 1137 1400 Byrsam

195 1425 400 1511 Carthaginis
409 1425 741 1505 territoriumDidani‚
748 1421 1134 1508 exPhoeniciiprafirgae,

185 1536 302 1601 cessit.
344 1531 422 1600 Huc
437 1535 525 1613 facit,
540 1534 629 1620 qirod
645 1536 677 1600 in
699 1545 882 1599 nostrorum
897 1531 1061 1618 Majorum
1076 1531 1137 1594 mi-

194 1621 393 1728 grationibus
403 1663 445 1705 ex
459 1639 593 1726 Schytit
607 1662 666 1727 per
680 1650 814 1725 pontum
826 1637 1001 1713 Euxinum,
1012 1635 1135 1699 mentio

194 1749 252 1812 liat
267 1747 341 1811 freti
356 1747 523 1822 Gaditani,
547 1771 605 1814 reu
624 1745 776 1813 Herca'let‘
789 1747 953 1834 Bosphori
973 1747 1134 1822 Ttraotae,

196 1853 408 1941 Hellesponti,
430 1856 539 1920 Maris
554 1856 666 1940 AEaei,
686 1856 818 1932 Cretici,
836 1855 940 1920 Sicali
955 1867 988 1920 et
1004 1855 1134 1919 demum

195 1961 325 2048 Africi,·
346 1961 411 2047 qui
422 1973 510 2026 certe
525 1961 576 2026 via
591 1986 609 2028 e
624 1962 758 2048 Schytia
772 1963 862 2027 recta
875 1962 910 2026 in
918 1961 1062 2032 Africam
1078 1983 1137 2024 na-

194 2069 331 2152 rigatur.
377 2067 595 2132 Confirmatur
613 2067 749 2134 alterins
768 2067 857 2154 quod
876 2067 990 2134 relicti
1003 2068 1136 2133 tandem

193 2173 308 2240 Africa
318 2175 352 2238 iu
365 2173 557 2260 Hispaniam
569 2173 713 2262 Majores
727 2176 830 2240 nostri
844 2175 1042 2252 devenerint,
1058 2176 1137 2258 quia

193 2292 395 2367 opportunus
408 2281 483 2346 inde
499 2292 548 2347 est
562 2283 716 2367 trajectus
730 2295 767 2348 ut
785 2283 883 2368 longo
898 2293 972 2368 post
987 2294 1135 2368 tempore

194 2389 320 2474 experti
336 2399 410 2453 sunt
427 2389 694 2475 Carthaginenses
708 2401 742 2453 et
755 2390 918 2466 Saraceni,
939 2391 1005 2473 qui,
1031 2389 1136 2454 Gadi-

194 2509 270 2562 tano
287 2496 436 2562 Herculis
452 2497 536 2562 freto
551 2519 693 2574 emenso,
711 2497 905 2582 Hispaniam
920 2498 1117 2562 invaserunt.
1133 2539 1137 2548 ·

260 2603 420 2668 Lamfinni
436 2605 533 2689 igitur
548 2605 686 2689 posteris
710 2626 766 2668 seu
789 2599 1053 2668 Scato-Hibernis
1073 2625 1136 2694 per

194 2733 306 2775 novem
321 2713 545 2796 generationes
555 2713 588 2774 in
599 2709 711 2776 Africa
720 2713 990 2776 commorantibus
1003 2711 1135 2776 tandem

195 2820 236 2881 de
253 2817 413 2902 Hispaniis
434 2817 624 2903 occupandi
643 2820 837 2904 cogitatnm3
861 2842 898 2885 ac
920 2820 1018 2885 rebus
1033 2820 1137 2882 omni·

194 2926 256 2987 bus
268 2923 391 2986 mature
403 2921 602 3002 deliberatis,
615 2926 676 2988 sub
688 2927 840 3010 auspiciis
851 2926 995 2991 Bratiai
1006 2927 1135 2989 alam-
1210 2993 1211 3006 χ

184 3033 276 3118 pinno
291 3031 367 3094 noni
381 3030 457 3112 (vid.
481 3031 596 3096 seriem
615 3031 769 3115 Geneal.)
788 3031 954 3098 Getuliam
971 3029 1135 3116 Hispaniis

194 3139 338 3204 faeliciori
353 3139 421 3204 solo
436 3138 683 3219 commutirunt,
698 3163 783 3205 anno
794 3141 906 3206 mundi
918 3140 1013 3205 2767.
1039 3139 1136 3204 Circa

194 3245 283 3330 quod
299 3257 425 3331 tempus
440 3243 575 3330 contigit
598 3245 769 3312 Excidium
793 3247 982 3332 Trojanum,
1005 3257 1039 3310 et
1052 3268 1136 3330 prae-

195 3349 274 3414 lium
289 3349 501 3436 Moyturense
517 3352 550 3414 in
563 3351 733 3431 Hibernii,
757 3376 822 3438 quo
838 3351 1022 3440 Danannce,
1049 3353 1135 3419 duce

195 3456 314 3520 Naado
343 3457 575 3544 Argentirnano
599 3459 826 3546 Firboigorarn
858 3470 988 3545 gentem
1016 3460 1136 3524 contri-

194 3574 321 3628 verunt.
366 3563 469 3628 Parra
487 3565 597 3632 Scalas
612 3564 662 3629 vel
677 3567 818 3652 Sciptas
833 3567 1034 3651 Hispaniam
1050 3587 1136 3631 com·

195 3668 350 3756 migrisse
365 3670 506 3737 ostendit
522 3672 620 3738 Silius
641 3671 782 3752 Italicus,
808 3675 928 3759 origine
952 3671 1135 3758 Hispanus,
