2440 4292
159 333 201 400 88
546 346 723 394 ursanum.

159 504 234 570 olim
255 504 375 570 nostris
399 501 475 568 illuc
498 503 684 567 transmissa
708 509 746 565 ut
761 497 865 565 fusibs
891 497 1106 566 ostendemus

158 610 217 675 ubi
245 610 286 674 de
309 608 478 674 Hiberniae
505 608 638 692 regibus
667 603 729 672 erit
758 617 872 670 sermo,
916 604 1009 678 Quin
1039 605 1108 670 imb

161 711 281 802 saecplo
299 715 348 776 12.
394 710 614 792 Cambrensis,
628 711 662 774 in
677 708 819 796 Dialogo
834 711 876 775 de
900 711 978 776 sede
991 711 1110 778 Mene-

160 821 259 885 vemr'.
317 818 472 884 Ostendit
494 815 668 883 Albaniam
692 838 779 881 nunc
804 817 937 884 abusivb
961 819 1110 884 Scottum

162 927 228 992 dici
243 941 277 994 et
292 928 334 992 de
349 925 489 992 Excidio
503 924 660 991 Ecclesiae
677 921 871 988 Cluanensis
891 925 923 988 in
940 921 1109 990 Hibernia

163 1059 247 1100 anno
265 1035 359 1113 1042,
375 1035 447 1099 haec
461 1027 586 1098 restant
601 1030 710 1096 adhuc
726 1030 879 1095 carmina.

240 1177 325 1264 Haec
339 1179 419 1242 urbs
435 1176 607 1242 horrendis
622 1175 721 1240 hodie
738 1187 861 1242 vastata
875 1176 974 1240 ruinis

214 1283 328 1396 ‘Ques
343 1284 432 1368 prius
448 1294 522 1348 ante
538 1281 599 1348 fuit
615 1282 787 1347 Scotorum
801 1283 912 1349 nobile
927 1283 1067 1351 culmen.

165 1428 232 1496 Sed
248 1453 308 1496 nec
323 1431 432 1496 adhuc
449 1431 621 1496 Scotorum
636 1451 754 1494 nomen
766 1429 906 1496 Hibemi
918 1432 1000 1496 adeo
1015 1436 1111 1498 exui-

164 1559 235 1602 mus
265 1539 342 1624 quin
366 1539 493 1604 Saeculo
511 1539 580 1624 jam
601 1535 712 1623 elapso
734 1539 767 1602 in
788 1538 953 1624 plerisque
970 1541 1112 1608 Genna-

165 1651 227 1714 niae
250 1648 330 1714 locis
354 1648 444 1713 Seota'
463 1633 644 1724 audianos,
671 1657 708 1710 ut
726 1647 868 1712 ostendit
887 1647 1108 1733 Epitaphium

166 1753 332 1820 Illustriss.
360 1754 404 1818 D.
429 1753 585 1819 Edwardi
611 1753 783 1820 Geraldini
803 1753 1028 1840 Lageniensis,
1044 1754 1111 1821 Hi-

165 1864 262 1928 berni
276 1861 311 1927 S.
329 1861 372 1927 R.
385 1863 418 1927 J.
436 1861 570 1927 Comitis
586 1860 820 1948 Hiedelbergae
834 1885 885 1928 an.
905 1865 998 1939 1626,
1014 1863 1109 1949 apud

166 1969 340 2034 Minoritas
353 1968 472 2053 sepulti
481 1970 538 2035 ubi
547 1969 661 2034 Scotus
671 1989 732 2052 pro
740 1965 890 2033 Hiberno
904 1969 1109 2034 inscribitur:

166 2076 375 2140 credentibus
391 2077 539 2140 nimirum
550 2078 597 2154 (ut
612 2074 700 2139 rectb
712 2073 977 2159 postWardeum
990 2075 1023 2139 in
1038 2074 1108 2140 vitri

167 2184 202 2249 S.
231 2183 397 2260 Rumotdi,
426 2194 517 2248 notat
544 2181 712 2265 Flahertz)
735 2182 908 2248 Germanis
934 2182 1108 2270 Epitaphii

168 2290 407 2375 sculptoribus,
442 2302 476 2356 et
505 2291 693 2356 auctoribus
726 2299 867 2356 veterem
895 2290 1110 2374 synonimiam

168 2399 252 2464 hanc
268 2400 432 2466 Scotorum
446 2413 481 2466 et
495 2396 708 2464 Hibernorcm
723 2397 867 2462 nondum
882 2398 915 2462 in
931 2397 1110 2464 Germania

168 2507 353 2569 extinctam.
400 2504 447 2568 Et
471 2505 548 2570 sanc
564 2503 691 2580 meritd,
707 2524 780 2567 cum
794 2501 960 2587 hodieque
976 2501 1112 2568 Mones-

168 2613 250 2676 teria
265 2611 432 2677 Scotorum
454 2611 576 2695 ubique
596 2611 729 2676 audiant
744 2630 818 2693 quae
830 2608 1011 2673 doctiorum
1028 2609 1114 2676 Ger·

169 2719 282 2780 maniae
298 2716 498 2801 Scriptorum
519 2717 696 2781 auctoritas
711 2713 893 2780 luculenter
908 2715 1024 2779 asserit
1039 2738 1114 2782 csse

169 2820 402 2896 Hibernorum,
419 2821 475 2896 sic,
491 2832 528 2882 ut
542 2818 668 2904 reliqua
676 2831 802 2884 taceam
817 2819 967 2905 exempla
979 2818 1112 2884 Mones·

168 2928 285 2991 terium
307 2925 594 2990 Benedictinorum
618 2924 789 2992 Scotorum
819 2925 1012 2992 Ratisbonae
1038 2926 1113 2991 lun-

168 3035 257 3098 davit
284 3032 359 3097 olim
386 3032 607 3096 serenissimus
624 3031 794 3098 Hiberniae
809 3031 900 3112 Rex,
917 3033 1109 3100 Bernardus

168 3139 323 3215 O'Brien,
363 3136 607 3222 cognominatus
636 3136 828 3218 Boromeus,
865 3161 927 3222 pro
954 3138 1109 3224 Hibernis

169 3246 354 3323 Monachis,
372 3242 595 3308 vacillantibus
613 3243 700 3307 domi
713 3241 895 3308 litterarum
916 3244 1044 3320 studiis
1064 3246 1108 3310 ob

168 3354 339 3418 Danorum
365 3349 587 3424 vastationes;
627 3345 686 3412 sed
715 3345 882 3412 Hibernos
912 3347 1108 3428 Monachos‚

167 3459 257 3525 Scoti
270 3456 485 3535 Albionerrses,
509 3477 552 3520 ex
578 3453 684 3540 gratia
697 3455 836 3539 primum
860 3456 1014 3540 suscepti,
1030 3456 1110 3521 Sco·

168 3569 232 3632 tico
248 3574 321 3628 astu
338 3562 492 3646 paulatim
508 3563 746 3648 disperserunt.

231 3671 299 3738 Sed
315 3672 396 3756 quid
411 3693 473 3756 ego
485 3672 579 3737 haecr
595 3669 683 3756 capit
698 3671 766 3766 iata
774 3693 850 3736 suos
865 3671 982 3756 injuria
991 3671 1106 3739 Divos.
