2438 4308
175 341 220 406 64
559 359 737 407 ursanum.

241 511 354 578 Finem
382 533 468 579 nunc
492 512 569 580 huic
593 511 694 600 priori
719 509 854 578 sectioni
879 509 1031 588 facerem,
1061 507 1122 572 nisi

178 620 252 685 duae
281 631 454 704 sequentes
483 617 609 705 Elegia
636 617 679 683 ad
707 617 921 704 propositum,
953 615 1123 682 materiam

177 735 299 790 tantam
307 713 674 806 haberentrelationem,
682 736 719 790 ut
727 725 795 790 sine
806 722 934 810 piaculo
943 724 1048 789 omitti
1056 745 1124 787 non
1210 755 1211 758 ¹

178 833 310 917 possint.
357 831 466 897 Prima
486 831 603 918 Elegia
625 830 740 897 incerti
765 831 906 897 auctoris
932 831 1006 914 (nisi
1032 830 1124 914 quod

178 963 212 1008 ae
234 940 354 1008 scribat
372 941 559 1008 veredicum
579 939 766 1027 Erigenam)
788 937 961 1006 Crumvelli
985 946 1126 1025 usurpa-

178 1051 256 1115 toris
271 1049 304 1114 in
317 1049 484 1115 Hibernos
503 1049 674 1127 saevientis,
696 1059 853 1135 tempore,
878 1047 1058 1133 composita
1078 1049 1125 1112 vi-

179 1157 294 1234 detur;
318 1167 464 1222 exactam
479 1176 617 1241 namque
633 1154 821 1222 relationem
836 1155 980 1221 continet
994 1154 1125 1221 calami-

178 1275 280 1330 tatum
295 1276 393 1348 atque
407 1263 616 1342 miseriarum,
633 1263 751 1349 quibus
761 1273 840 1327 tunc
851 1259 994 1328 Hiberui
1003 1262 1124 1328 mirum

178 1373 212 1438 in
240 1371 371 1437 modum
399 1371 665 1456 subjiciebantur.
716 1368 868 1437 Secunda
896 1369 972 1434 veri>
1003 1367 1122 1454 Elegia

178 1488 254 1565 post
268 1499 381 1566 pacem
396 1476 620 1544 Riscivensem
640 1499 706 1543 non
731 1477 800 1542 sine
818 1497 935 1562 magno
953 1476 1050 1544 animi
1063 1474 1125 1540 do-

178 1585 258 1664 lore,
273 1596 307 1651 et
321 1584 402 1652 fusis
416 1583 563 1672 lacrymis
580 1604 663 1649 ame
682 1583 871 1669 composita,
895 1593 929 1648 et
943 1579 1122 1647 Catholicis

180 1691 323 1778 Europae
348 1693 561 1779 principibus,
587 1690 768 1768 destinata;
800 1689 890 1775 quod
915 1689 949 1753 in
974 1686 1013 1754 eia
1040 1711 1124 1774 pace

179 1810 309 1886 gentem
320 1810 465 1865 nostram
476 1797 673 1885 praeteritum
683 1797 846 1863 viderem:
863 1807 896 1862 et
908 1817 979 1861 eam
991 1808 1122 1881 gentem

180 1928 254 1989 quae
275 1905 481 1971 Orthodoxae
503 1903 666 1990 religionis
692 1906 799 1988 (quam
818 1912 893 1968 ante
915 1923 1016 1967 annos
1035 1900 1123 1966 mille

180 2013 337 2078 ducentos
359 2024 393 2077 et
416 2011 565 2098 amplius,
600 2010 741 2077 Patricio
766 2008 939 2097 Apostolo,
974 2008 1125 2095 amplexa

180 2119 242 2204 est)
257 2123 430 2205 perpetuo,
446 2117 661 2197 tenacissima,
680 2140 745 2184 non
761 2119 921 2194 obstante,
944 2114 1033 2202 quod
1048 2137 1125 2182 cen-

180 2239 249 2292 tum
263 2237 297 2292 et
311 2226 447 2312 amplius
461 2227 552 2292 annis
567 2225 760 2292 indesinenti
774 2225 1033 2312 gravissimarum
1048 2245 1123 2310 per-

182 2335 385 2402 secutionum
405 2334 533 2401 turbine
553 2334 741 2420 agitaretur,
758 2333 893 2418 regibus
909 2331 975 2397 suis
995 2351 1124 2417 semper

180 2440 370 2508 fidelissima
396 2441 437 2507 de
462 2442 582 2508 exteris
606 2441 702 2506 etiam
726 2438 938 2525 principibus,
956 2448 999 2502 et
1022 2437 1121 2504 Rom.

182 2547 332 2616 Ecclesisi
352 2549 473 2635 optime
496 2549 620 2615 merita.
664 2546 697 2612 Ο
721 2567 836 2631 aspera
861 2543 988 2610 afflictae
1014 2545 1122 2630 gentis

181 2654 268 2730 fata!
311 2655 385 2720 Nisi
400 2654 514 2722 solatio
533 2656 626 2725 nobis
646 2662 742 2732 esset,
769 2651 859 2736 quod
879 2651 973 2718 Deus
996 2651 1067 2736 ipse
1090 2652 1125 2714 in

181 2760 361 2848 Evangelio
376 2762 483 2827 docet.
528 2761 664 2834 “Quem
679 2760 789 2846 diligo,
805 2759 947 2844 castium·
969 2756 1126 2836 Domine,

182 2865 236 2932 hic
252 2889 320 2944 ure,
335 2864 390 2932 hio
405 2887 492 2946 seca,
506 2865 603 2950 nodi>
617 2867 650 2932 in
665 2877 821 2934 aeternum
835 2883 960 2952 parcas.
