2438 4308
471 357 649 408 ursanum.
914 373 920 386 ·
997 341 1038 406 21

98 507 242 576 Humida
256 509 468 604 squamigeris
483 533 592 578 errare
606 533 667 597 per
680 533 814 597 aequora
829 511 948 598 pinnis,

100 618 207 704 Seque
223 621 286 686 sibi
299 620 454 706 objicere,
470 630 505 685 et
520 617 618 686 celeri
632 643 778 688 remeare
792 621 944 688 reflexu?
980 619 1042 685 160

19 779 20 794 ἦ
101 723 201 789 Haud
218 724 294 792 alibi
307 724 422 791 melius
438 735 617 792 cataractas
631 727 760 794 vincere
775 727 860 794 saltu

60 909 65 922 ‚
103 826 268 898 Salmonea
282 830 401 896 ndrunt
416 853 425 893 ε
448 842 621 897 truttarum
636 843 687 900 est
702 835 797 920 copia
811 837 913 923 major

103 935 275 1023 Nusquam
290 938 365 1026 alibi
381 965 390 1018 3
412 939 504 1006 molis
520 942 675 1008 mirandae
687 942 792 1011 lucius
808 967 918 1012 amnes

103 1043 253 1112 Infestat.
299 1046 424 1120 Quovis
439 1059 515 1113 aunt
525 1048 579 1114 hie
594 1071 638 1114 ex
652 1050 768 1116 ordine
782 1052 901 1136 pisces,

103 1149 207 1231 Mole,
224 1175 352 1238 sapore,
366 1153 466 1220 fidem
480 1166 683 1242 superantes.
730 1155 882 1246 Occupat
895 1181 1021 1230 amnem

104 1259 170 1326 Hic
184 1259 274 1340 linis,
290 1282 410 1347 aqueos
425 1285 542 1350 greges
557 1264 590 1327 in
606 1265 690 1330 retia
704 1265 793 1352 cogit
807 1291 815 1345 ς
985 1270 1049 1336 166

105 1366 164 1434 llle
177 1378 288 1436 autem
303 1367 407 1434 tendit
421 1367 573 1434 viridanti
587 1391 630 1434 ex
644 1393 765 1456 aggere
779 1372 914 1458 virgam,

106 1477 353 1562 Squamosoque
364 1475 457 1560 gregi
467 1473 636 1542 fallacibus
650 1477 794 1543 imminet
806 1477 919 1544 hamis.

149 1583 242 1658 Quid
257 1583 347 1668 qubd
361 1583 539 1651 candentes
549 1584 669 1650 ludant
683 1585 716 1650 in
730 1584 862 1651 flumine
877 1587 985 1672 cygni,

109 1691 154 1758 Et
167 1691 280 1758 niveos
294 1690 389 1756 viridi
404 1691 572 1758 deducant
585 1693 732 1780 margine
746 1691 863 1779 pullos.
990 1693 1052 1760 170

110 1797 230 1877 Anser,
246 1821 338 1878 anas,
352 1798 567 1884 volucresque
582 1799 665 1878 aliae,
677 1821 751 1886 quae
762 1799 893 1866 flumine
907 1801 1053 1886 gaudent

111 1909 149 1973 In
164 1907 272 1973 fluviis
286 1906 361 1986 illic,
376 1906 579 1994 lacubusque
594 1907 820 1996 frequentibus
836 1921 966 1990 errant3

19 2025 21 2078 ζ
112 2013 248 2082 Deliciae
263 2025 320 2079 aut
333 2013 460 2080 lucrum
475 2015 616 2093 domino,
631 2016 673 2081 de
688 2038 777 2081 more
792 2015 922 2082 futurae.

154 2121 253 2188 Parte
268 2119 331 2186 alia
345 2120 482 2186 invitant
498 2119 668 2206 sylvestria
682 2121 816 2187 numina
830 2132 937 2188 vatem

113 2229 206 2295 Inter
216 2227 467 2306 Hamadriades,
477 2237 536 2294 aut
549 2227 670 2292 rustica
683 2225 976 2306 numinaFaunos3
995 2228 1056 2294 175

115 2337 191 2412 Qua
204 2337 285 2401 varii
300 2345 475 2421 assurgunt
488 2331 599 2414 colles,
615 2357 698 2420 quos
712 2333 867 2421 limpidus
883 2333 1013 2414 humor,

19 2505 20 2518 ζ
115 2445 270 2510 Gramine
284 2442 426 2521 florenti,
442 2465 634 2528 semperque
648 2442 829 2507 virentibus
843 2439 957 2506 herbis
991 2464 994 2470 ·

115 2549 275 2627 Conserit,
293 2558 326 2614 et
339 2546 429 2613 nullo
442 2548 566 2633 patitur
580 2567 780 2611 marcescere
796 2544 874 2610 sole.

115 2654 179 2720 Per
189 2656 283 2741 juga,
297 2674 358 2738 per
373 2669 485 2719 cautes
499 2651 602 2717 multo
618 2661 721 2718 scatet
736 2652 825 2717 unda
839 2649 956 2731 canali,

115 2758 255 2836 thvarii
268 2768 454 2843 erumpunt,
470 2756 564 2844 gratia
579 2755 751 2831 dulcedine
766 2755 884 2823 fontes.
997 2759 1059 2826 180

158 2865 197 2930 ln
213 2862 337 2930 declive
352 2861 423 2928 solo
438 2872 565 2948 segetes
581 2862 623 2926 de
638 2883 728 2927 more
743 2863 924 2928 virescunt¹

116 2971 320 3056 Omnigenae,
334 2967 521 3055 plantaeque
536 2991 661 3047 omnes,
676 2968 821 3035 borealia
836 2992 918 3057 quas
932 2970 997 3038 fert

118 3077 266 3154 Climata‚
283 3075 422 3154 radices,
437 3075 584 3156 frutices,
599 3076 776 3161 herbaeque
790 3076 825 3140 in
840 3087 1014 3162 utrumque

19 3189 20 3212 *
118 3185 235 3263 Usum,
251 3207 333 3271 quas
349 3184 466 3269 quoerit
479 3183 670 3252 machaonia
684 3185 792 3266 turba,
807 3206 984 3268 coquusve,
1001 3187 1063 3252 184

118 3293 186 3360 Hic
201 3303 353 3359 crescunt
368 3318 376 3372 3
400 3293 428 3358 ai
443 3315 498 3360 cor
510 3291 656 3378 languet,
668 3313 785 3358 crocus
800 3291 920 3378 erigit:
943 3293 1062 3362 herbas

117 3399 196 3468 Non
213 3424 297 3487 opus
313 3411 477 3480 externas,
494 3401 654 3485 stirpesve
669 3398 724 3464 hic
739 3419 886 3482 quaerere
902 3421 910 3464 r
932 3398 1034 3468 lactas

118 3511 234 3576 Patria
247 3507 335 3575 culta
349 3509 452 3574 dabit.
497 3507 621 3574 Bacchi
636 3509 746 3574 vineta
757 3508 892 3572 racemis
1055 3507 1060 3514 ’

119 3616 191 3684 Cur
202 3618 259 3683 hic
273 3639 379 3702 pauca
390 3619 537 3683 tument?
552 3639 595 3682 an
610 3614 676 3682 fors
688 3615 765 3700 quia
779 3614 915 3701 negligit
928 3615 1000 3681 illos
1050 3605 1051 3608 ¹

119 3723 236 3790 Cultor
251 3745 350 3810 agros
366 3724 500 3810 segnis?
523 3745 565 3789 an
579 3719 647 3790 sors
663 3721 739 3807 quia
754 3721 863 3790 sobria
877 3721 1045 3797 Bacchum
