2438 4308
169 277 213 344 56
547 295 724 351 ιιιιιιιιιιι.

169 447 327 534 aptissimi
350 449 392 516 ad
415 449 633 538 insequendos
656 449 798 536 lepores,
821 460 856 514 et
878 442 1061 520 cuniculos,
1078 453 1113 508 et

168 555 305 642 vulpes3
339 557 456 644 partim
488 557 625 642 majores
654 556 755 623 ιιιιιΙιό
785 556 827 622 ad
849 577 971 632 cervos,
1002 573 1113 638 apros,
1209 577 1210 580 ¹

171 663 267 749 lupos
282 665 476 751 capiendum
489 662 725 732 valentissimi?

462 863 515 930 31.
539 863 649 942 Bane,
666 859 746 948 Cap.
764 861 818 928 80.

183 1043 187 1048 .
238 988 311 1054 “In
327 987 498 1056 'Hibernia
520 989 627 1056 nullus
649 1000 701 1055 at
730 1011 876 1075 serpens,
899 985 987 1052 nulla
1009 1009 1114 1064 rana;

175 1093 264 1160 nulla
288 1117 406 1162 aranea
428 1120 599 1163 venenosa.
641 1095 722 1192 ileo
743 1108 814 1162 tota
838 1106 926 1161 terra
951 1095 1035 1160 adeo
1061 1105 1116 1159 est

176 1203 336 1268 contraria
351 1205 532 1283 venenosis,
553 1215 590 1270 ut
609 1201 793 1270 terrav'inde
816 1202 925 1269 delata
942 1213 977 1268 et
998 1223 1116 1288 sparsa

177 1321 343 1395 serpentes
357 1312 494 1395 perimat
508 1321 541 1376 et
556 1309 742 1376 Buffones.”

241 1417 293 1483 32.
309 1422 331 1452 “
343 1417 429 1483 Nam
440 1441 526 1503 saepe
535 1416 589 1482 illo
597 1417 639 1484 de
649 1415 818 1482 Britanniis
829 1414 917 1482 allati
931 1426 1114 1501 serpentes,

177 1545 253 1588 mox
267 1534 304 1588 ut
318 1525 522 1609 proximante
540 1525 634 1590 terris
650 1525 789 1610 navigio,
809 1525 909 1590 odore
929 1526 1012 1588 aeris
1027 1521 1115 1587 illius

177 1632 289 1696 attacti
302 1628 433 1711 fuerint,
459 1629 642 1698 intereant:
666 1627 744 1716 quin
764 1631 872 1718 potitis
899 1631 1007 1697 omnia
1027 1630 1114 1718 pene

174 1759 248 1823 quse
268 1735 310 1802 de
327 1738 441 1804 eadem
455 1738 561 1804 insula
576 1749 662 1816 sunt,
682 1749 795 1803 contra
812 1759 972 1804 venenum
991 1736 1111 1802 valent.

177 1842 330 1928 Denique
349 1845 485 1909 vidimus
509 1844 703 1929 quibusdam
725 1867 745 1910 a
768 1858 918 1929 serpente
937 1845 1114 1938 percussis,
1141 1875 1143 1878 ·

177 1973 251 2016 rasa
260 1949 338 2016 folia
349 1950 507 2030 codicum,
516 1952 573 2036 qui
584 1951 626 2016 de
638 1949 799 2016 Hibernifi
809 1952 951 2031 inerunt,
962 1963 997 2017 et
1010 1953 1117 2038 ipsam

179 2079 324 2122 rasuram
347 2081 439 2142 aquae
459 2059 642 2135 immissam,
672 2080 709 2123 ac
732 2060 825 2144 potui
843 2060 963 2138 datam,
994 2058 1116 2124 talibus

175 2164 325 2252 protinus
346 2175 447 2230 totam
465 2165 527 2230 vim
542 2165 656 2230 veneni
677 2166 865 2250 grassantis,
887 2176 989 2231 toturn
1010 2161 1117 2230 inflati

178 2273 322 2359 corporis
338 2272 555 2358 adsumpsisse
570 2293 608 2336 aa
624 2269 755 2337 sedasse
771 2271 1100 2339 tumorem.”-Idem.

299 2471 352 2536 33.
376 2469 559 2551 Lemanno,
575 2471 657 2560 Cap.
677 2470 725 2534 la.
755 2465 811 2535 De
824 2469 991 2536 Hibernis.

242 2599 332 2665 “Ad
346 2600 491 2665 mititiam
503 2609 578 2665 sunt
591 2599 710 2677 affecti,
726 2607 759 2662 et
773 2596 900 2663 adeam
915 2620 988 2664 cum
1000 2591 1116 2684 prim!

178 2706 360 2791 quibusque
381 2705 449 2790 apti
469 2706 668 2784 nationibus,
691 2703 805 2789 utpote
832 2704 976 2781 animosi,
989 2703 1115 2784 tientes,

180 2810 336 2896 expediti,
360 2811 520 2895 patientes
544 2810 677 2892 laboris,
706 2821 740 2878 et
768 2811 897 2893 inediae,
922 2822 1117 2897 appetentes

175 2917 298 3004 gloriae,
310 2927 344 2981 et
356 2916 555 3003 capacissimi
567 2917 639 2983 ciam
654 2919 752 2984 totius
764 2917 942 3005 disciplinae
955 2918 1114 2999 militaris,

178 3037 247 3091 tum
261 3047 350 3102 unns,
367 3034 465 3108 atque
480 3025 627 3091 exercitii
639 3046 800 3090 armorum
815 3027 916 3089 omnis
932 3027 1094 3111 generis.”

239 3133 293 3201 34.
314 3137 336 3167 “
349 3129 520 3197 Hibernioi
533 3153 616 3218 gens
632 3154 768 3216 corpore
783 3131 888 3197 valida
911 3142 944 3197 et
966 3134 1116 3213 robusta,

177 3239 287 3314 audax
297 3237 424 3317 naturai,
439 3239 567 3324 ingenio
582 3240 648 3304 acri
662 3250 696 3305 et
710 3237 873 3317 bellicosa,
891 3238 993 3325 agilis,
1009 3241 1116 3310 animo

177 3346 254 3413 forti
265 3356 299 3411 et
316 3345 413 3423 elato,
428 3347 503 3412 vitae
514 3346 664 3433 prodiga,
679 3345 790 3431 gloriae
802 3345 908 3424 avida,
928 3344 1115 3432 hospitibus

180 3453 393 3539 perbenigne,
414 3475 522 3518 amore
543 3463 707 3529 constans,
729 3450 921 3517 erudelitate
935 3451 1025 3531 levis,
1041 3475 1117 3520 con-

183 3582 206 3625 u
215 3559 321 3627 melim
333 3569 367 3652 et
378 3560 504 3645 injuriae
518 3557 863 3646 impatiens.’'-Idem.
