2440 4292
458 309 640 358 mnsnma.
987 277 1046 348 103

109 463 219 528 autern
243 465 332 548 Argo
352 464 537 532 Nestum
558 463 737 550 expeditio,
767 483 853 526 anno
875 457 924 524 M.
949 455 1048 532 2688,

113 568 175 632 vid.
191 567 335 634 Flnhert.
354 591 430 657 pag.
456 571 510 638 73.
554 571 640 647 Quoe
665 569 839 656 navigatio,
859 589 928 653 prae
949 563 1050 630 omni·

113 672 173 736 bus
194 673 237 736 ab
251 674 332 738 orbe
353 675 485 740 condito
499 675 772 763 navigationibus,
790 671 911 740 Vatum
921 669 1050 736 Praecn'·

111 778 171 864 niis
186 777 350 844 celebrata
362 790 432 860 est3
454 781 538 848 adesi
553 792 590 847 ut
604 783 720 868 patriae
734 801 815 846 meas
829 772 1049 864 congratuler,

112 887 200 970 quod
214 887 250 950 in
263 908 303 953 ea
316 889 525 973 expeditione
532 887 619 954 illius
633 888 692 954 flat
706 887 835 954 mentio.
857 881 1051 970 Cujusmodi

175 1099 302 1169 Eccles.
319 1101 403 1168 Brit.
424 1125 465 1169 ne
486 1103 559 1188 ipse
578 1102 711 1188 quidem
725 1098 867 1188 populus
882 1097 978 1164 Rom.
995 1119 1052 1160 no·

111 1206 205 1272 minis
228 1209 279 1273 sui
296 1219 412 1276 testem
426 1209 573 1297 proferre
588 1210 708 1296 poterit
722 1217 898 1274 auctorem.
937 1203 1051 1280 Porri,

112 1313 324 1400 Argo-Navis
347 1320 489 1384 omnium
518 1319 621 1404 prima
645 1339 768 1384 oceano
794 1339 829 1382 se
857 1312 1052 1381 commisisse

112 1419 229 1500 fertur,
241 1434 279 1490 ut
293 1426 431 1492 innuunt
446 1449 538 1512 seqq.
555 1449 637 1493 vers.

158 1572 323 1640 “Vellera
337 1597 410 1640 cum
425 1573 549 1660 Myniae
568 1575 671 1640 nitido
685 1573 844 1640 radiantia
859 1570 944 1648 villo,

194 1681 363 1748 Permane
376 1706 443 1748 non
458 1694 570 1748 notum
586 1679 691 1769 primi
705 1681 828 1768 petiere
843 1677 982 1745 carinb.'’

115 1833 155 1896 In
185 1829 224 1896 eia
252 1833 351 1896 etiam
376 1830 487 1898 ferunt
517 1831 696 1899 Phasianae
726 1853 801 1898 aves
830 1828 1056 1896 deliciosorum

17 2013 18 2040 ἶ
112 1939 241 2026 epulas,
257 1961 276 2004 e
292 1939 392 2004 Phasi
412 1939 607 2006 Colchorum
622 1940 721 2006 fluvio
742 1937 880 2026 primum
904 1937 936 2003 in
951 1935 1057 2002 Euro-

16 2055 18 2146 {
116 2068 193 2130 pam
209 2043 344 2122 delatas,
366 2054 447 2110 teste
463 2044 620 2126 Martiali,
646 2047 719 2112 Lib.
739 2045 799 2113 ΙΙΙ.
817 2045 985 2134 Epigram.
1002 2045 1056 2124 72,

16 2225 17 2238 χ
116 2153 158 2217 de
175 2152 341 2260 Phasiani
353 2175 411 2218 sve
426 2151 573 2240 loquens.

16 2315 17 2322 κ
117 2300 145 2340 “·
155 2296 270 2383 Argoa
282 2296 424 2382 primum
440 2321 512 2364 sum
527 2297 702 2384 deportata
717 2299 826 2365 carini

16 2477 17 2498 χ
120 2402 209 2468 Ante
224 2401 303 2468 mihi
318 2413 430 2468 notum
444 2402 500 2481 nil,
511 2403 573 2468 nisi
588 2403 705 2469 Phasis
721 2413 801 2470 erat.

16 2549 17 2554 κ
121 2508 225 2594 Cujus
240 2507 372 2575 Artifex
388 2509 509 2598 Argus,
535 2509 659 2597 Typllia
678 2508 803 2576 Rector
816 2529 823 2570 ε
835 2507 927 2592 quod
947 2507 992 2573 sic
1013 2503 1058 2572 ei·

119 2721 243 2808 Argos
257 2723 348 2787 navis
362 2614 538 2788 fibriibator
549 2723 669 2788 dicitur
684 2723 819 2808 Argus:

125 2831 253 2918 Typhs'a
265 2832 299 2896 in
309 2830 426 2918 Argoa
440 2853 552 2918 puppe
566 2833 720 2918 magister
736 2831 837 2897 erst.'’

122 2979 190 3045 Sed
205 2978 277 3044 haee
292 3002 351 3066 per
366 2980 624 3067 digressionem
638 2982 679 3048 ed
695 2983 897 3072 propositum
921 3003 999 3068 ergo
1025 2991 1062 3046 ut

121 3088 273 3152 redeam:
292 3097 360 3152 tota
373 3085 549 3172 Belgarum
568 3087 714 3169 Colonia,
730 3102 766 3156 ut
781 3113 824 3158 ex
840 3087 958 3174 triplici
966 3096 1063 3174 genta

122 3192 264 3258 conflata
276 3205 338 3273 est,
361 3197 408 3259 ita
421 3217 464 3259 ex
480 3191 602 3278 triplici
616 3206 709 3279 parte
725 3193 919 3260 Hiberniam
934 3191 1061 3260 invasit.

122 3299 289 3386 Slangius‚
312 3299 523 3366 Galeniorum
546 3297 675 3379 ductor,
704 3299 738 3362 in
764 3297 969 3364 Wexlordiae
992 3297 1064 3364 sinu

123 3415 255 3490 portum
269 3406 376 3492 attigit
390 3407 424 3469 in
438 3403 521 3482 loco,
547 3405 589 3469 ab
595 3405 675 3492 ejus
689 3404 828 3481 nomine,
840 3402 1063 3490 Inverslninge

124 3511 222 3575 dieto.
281 3509 459 3576 Rudricius
486 3531 559 3574 cum
582 3507 693 3594 Belgis
720 3519 849 3592 portum
877 3509 909 3574 in
932 3507 1066 3577 Ultonit

124 3626 240 3682 nectus
263 3627 295 3681 et
320 3616 464 3681 similiter
486 3615 643 3701 appulsis
657 3615 759 3695 locus,
782 3617 824 3682 ab
839 3617 909 3701 ejus
925 3617 1066 3694 nomine,
1107 3609 1109 3612 ⁴

126 3723 346 3791 Budricinnus
361 3723 503 3790 Tractus
519 3722 637 3788 deinde
653 3733 858 3808 nuncupatus
873 3731 932 3786 est.
977 3721 1067 3786 Gan·
