2438 4308
159 319 203 386 34
284 285 290 300 ⁵
539 330 719 384 ursanum.

203 465 268 556 Me*
278 509 408 576 quoque
423 487 534 555 vicinis
549 495 741 576 pereuntem
753 487 917 574 gentibus,
930 485 1050 575 inquit,
1088 527 1089 532 κ
1212 573 1213 578 ¹

160 597 306 674 Munivit
321 595 446 677 Stilico,
460 607 563 664 totam
578 618 651 662 cum
666 593 785 666 Scotus
800 596 919 662 lernen

161 705 269 772 Movit
283 715 317 770 et
330 703 448 770 infesto
462 704 622 790 spumavit
636 701 757 788 remige
772 700 902 768 Thetis.

161 813 300 900 Sparsas
315 811 444 896 imperii
458 810 542 875 vires
559 811 749 896 constringit
764 810 797 874 in
813 832 913 874 unum

162 917 382 1003 Depositum:
405 939 479 1004 quae
495 915 680 982 Sarmaticis
695 916 844 984 custodia
859 917 949 1001 ripis,
1039 924 1107 982 555

165 1025 250 1099 Quae
266 1023 358 1088 saevis
371 1024 500 1110 objecta
515 1023 623 1105 Getis,
638 1046 711 1109 quae
726 1022 858 1088 Saxona
872 1018 977 1088 frenet

164 1129 230 1198 Vel
244 1129 377 1197 Scotum
390 1128 495 1216 legio:
518 1141 648 1217 quantae
662 1127 793 1195 cinxere
805 1128 956 1196 cohortes

166 1237 345 1315 Oceanum,
366 1249 487 1323 quanto
503 1247 638 1323 pacatur
651 1236 750 1301 milite
765 1232 934 1302 Rhenus.”
1023 1265 1025 1269 ,

207 1343 309 1408 Venit
323 1352 357 1408 et
370 1343 525 1408 extremis
538 1342 625 1430 legio
640 1352 799 1430 praetenta
814 1341 990 1422 Britannis,
1121 1403 1123 1408 ,

165 1450 251 1524 Quae
267 1449 367 1538 Scoto
382 1449 439 1516 dat
454 1449 546 1516 frena
560 1451 655 1528 truci,
670 1450 822 1536 ferroque
837 1460 964 1514 notatas
1043 1449 1113 1513 560
1212 1449 1213 1452 ’

166 1557 311 1644 Perlegit
325 1558 501 1636 exanimes,
518 1557 612 1624 Picto
627 1559 794 1637 moriente,
809 1557 943 1644 figuras.
982 1556 986 1565 “

211 1665 344 1731 Credite
358 1689 444 1732 nunc
459 1689 569 1734 omnes
585 1689 665 1751 quas
681 1667 752 1731 dira
767 1665 937 1731 Britannia
950 1675 1067 1750 gentes

168 1773 261 1847 Quas
275 1772 423 1851 Rhenus,
439 1795 520 1857 quas
535 1771 620 1838 Ister
631 1771 697 1849 alit,
707 1771 857 1863 pendere
872 1782 1002 1858 paratas

167 1880 207 1945 In
221 1876 380 1968 speculis:
404 1885 469 1944 uno
484 1889 533 1944 tot
547 1877 659 1964 praelia
672 1879 789 1944 vincite
803 1876 910 1944 bello:

168 1988 352 2054 Romanum
367 1997 516 2072 reparate
532 1988 645 2066 decus,
659 1987 840 2074 molemque
854 1989 993 2056 labantis
1046 1999 1123 2066 565,

169 2096 302 2182 Imperii
316 2094 425 2162 fulcite
440 2094 601 2162 humeris:
624 2095 679 2162 h‘ic
694 2097 803 2162 omnia
817 2120 950 2183 campus
963 2170 967 2178 1

171 2202 346 2270 Vindicat:
369 2202 440 2269 haec
455 2203 575 2268 mundo
590 2225 704 2289 pacem
718 2205 851 2270 victoria
869 2206 981 2272 sancit.

210 2309 343 2390 Lector,
359 2311 463 2376 habes
478 2312 626 2397 quaedam
643 2299 814 2379 Scotorum
829 2326 922 2401 gesta
936 2327 1075 2382 vetusta.

175 2419 333 2499 Saxones,
349 2419 410 2486 hos
423 2431 545 2499 contra,
562 2421 725 2506 quondam
739 2421 897 2488 induxere
910 2419 1058 2490 Britanni
1071 2405 1096 2502 ;s
1115 2487 1119 2496 ‚

173 2527 271 2596 Nunc
286 2527 438 2595 infaelices
454 2529 605 2598 Britones
622 2530 741 2596 servire
757 2511 861 2598 coacti
1049 2538 1114 2598 570

174 2633 254 2715 Illis,
270 2627 380 2702 auxilii
395 2660 477 2724 quos
492 2659 549 2722 spe
562 2635 681 2704 vexere
696 2661 756 2723 per
770 2663 892 2725 aequor,

175 2741 292 2809 Gentis
306 2745 340 2808 in
360 2745 570 2830 opprobrium
591 2755 722 2822 nostrae,
746 2748 1020 2833 opprobriumque
1041 2747 1118 2812 Bri·

260 2861 387 2929 tannae3
814 2897 821 2934 3

174 2956 317 3030 Quando
332 2957 401 3042 pati
414 2969 524 3042 patres
540 2968 574 3021 et
589 2953 767 3025 Hibernioa
776 2961 853 3045 jura
867 2963 1055 3046 nequibant,

176 3059 369 3129 Extremum
377 3063 529 3150 perferre
540 3065 666 3152 jugum,
682 3079 716 3134 et
729 3071 848 3136 servire
863 3073 976 3138 coacti.

176 3166 332 3235 Attamen
347 3171 524 3238 Albianum
538 3175 641 3240 nostri
654 3174 859 3254 dominantur
873 3179 906 3242 in
921 3180 988 3262 oris
1051 3187 1115 3250 575

177 3274 366 3364 Nostraque
381 3281 489 3347 adhuc
504 3281 622 3362 Scotis,
637 3284 715 3370 ipsis
731 3307 810 3371 gens
823 3297 934 3353 nostra
949 3288 1114 3356 Britannis

178 3381 332 3469 Imperat,
347 3409 385 3453 ac
400 3388 534 3476 Anglis:
559 3392 586 3455 si
599 3413 664 3457 non
678 3415 738 3477 per
752 3395 906 3473 membra,
921 3418 981 3480 per
995 3397 1085 3484 ipsos

179 3487 366 3558 Praesertim
379 3517 485 3581 reges,
501 3509 613 3562 nostra
627 3499 669 3564 de
684 3501 783 3586 stirpe
798 3514 935 3567 creatos.

223 3599 278 3663 An
292 3602 368 3685 quia
383 3599 583 3690 fatalislapis
598 3615 648 3672 est
663 3605 831 3676 Hibernus
845 3609 878 3674 in
893 3607 967 3677 auld
1078 3635 1080 3640 ’

179 3701 372 3792 Anglorum,
388 3710 429 3777 de
444 3733 509 3808 quo
523 3714 627 3782 nostri
641 3714 799 3802 scripsere
815 3718 938 3804 priores
951 3742 959 3794 ;
1054 3719 1116 3784 580
