2440 4292
162 299 222 362 106
538 319 715 366 alunnum.

158 473 294 536 timaeus
319 470 435 537 dietus.
490 471 665 558 Belgarum
690 471 788 557 porrd
817 491 859 536 ex
889 467 1098 552 Moyturenai

158 577 270 664 praelio
292 575 449 663 reliquiae,
473 577 506 642 iu
528 578 743 654 Britanniam,
763 573 935 652 Hebridea,
951 571 1097 657 aliasque

158 687 279 751 vicinas
303 683 439 762 insulas,
466 683 666 769 migraruut3
697 703 757 747 nee
781 680 917 746 feliciori
943 701 1098 745 successu

160 791 303 858 seeundo
334 790 539 876 Moyturensi
573 789 706 876 praeli03
740 788 901 874 adjunctis
926 786 1097 863 Fomoriia,

158 896 279 964 bellum
293 895 534 984 redintegrasse
549 896 711 962 dicuntur.
757 895 823 960 Sed
837 889 957 980 'postea
978 892 1099 971 Sentis,

160 1027 218 1070 seu
238 1005 395 1070 Hibernis
417 1004 674 1079 advenientibus,
698 1001 741 1068 ad
764 1000 1001 1087 expugnandos
1027 996 1099 1062 Da-

159 1135 296 1190 nannas,
317 1109 389 1178 s'ese
403 1111 604 1197 junxerunt3
626 1109 714 1175 unde
736 1108 918 1186 latifundia,
939 1118 972 1172 et
994 1105 1100 1190 digni-

159 1230 243 1284 tates
274 1240 347 1283 suas
377 1217 622 1303 recuperarunt.
672 1216 770 1282 Adeo
800 1225 838 1280 ut
866 1209 1099 1279 Crimthannus

161 1322 342 1401 Skiathbel,
366 1325 407 1389 ab
430 1324 608 1389 Herimone
627 1345 716 1410 rege,
738 1323 893 1408 Lageniae
915 1323 1003 1406 (qum
1020 1318 1100 1384 Bel·

159 1455 273 1517 garum
299 1443 456 1518 tempore,
483 1431 705 1498 Galleniorum
730 1431 899 1517 provincia
923 1429 1011 1496 dieta
1034 1427 1097 1505 est)

159 1535 354 1623 praepoaitua
370 1536 487 1602 merit:
511 1548 544 1603 et
560 1537 723 1603 Conantiae
737 1557 832 1622 reges
847 1534 1005 1620 usquead
1017 1532 1100 1597 Cor·

159 1645 241 1708 maci
255 1645 342 1730 regis
357 1643 526 1710 Hiberniae
541 1655 699 1730 tempora,
711 1664 752 1708 ex
769 1641 960 1708 Damnoniis
972 1639 1100 1706 fuerint

161 1751 347 1832 (Dumnonii
363 1763 469 1816 autem
484 1762 521 1816 ut
536 1764 631 1816 antea
641 1751 762 1827 monui,
787 1771 855 1814 uua
866 1748 927 1816 fuit
939 1770 981 1812 ex
994 1747 1099 1814 tribus

161 1856 337 1942 Belgarum
349 1870 406 1928 aut
416 1856 642 1944 Firbolgorum
654 1857 830 1944 gentibue.)
852 1856 942 1931 Quin
954 1865 987 1920 et
997 1852 1100 1918 multa

160 1965 259 2030 hodie
282 1965 425 2032 existunt
446 1987 507 2051 per
529 1983 664 2052 regnum
686 1963 768 2043 loca,
790 1965 907 2048 quibus
929 1962 1001 2036 haec
1022 1959 1101 2025 Bel-

161 2091 276 2156 garum
290 2069 416 2135 eolouia
428 2072 556 2136 nomina
569 2071 697 2150 indidit,
721 2071 805 2136 sicut
819 2081 852 2135 et
867 2068 994 2134 familiae
1009 2089 1100 2153 quae·

162 2179 247 2253 dam,
268 2177 440 2241 etiamnum
461 2176 560 2242 hodie
583 2199 626 2242 ex
643 2175 818 2263 Belgarum
834 2190 1012 2264 supersunt
1025 2175 1101 2241 reli·

165 2284 270 2370 quiis:
297 2295 334 2348 ut
359 2281 603 2356 O'Beunaehan
628 2283 661 2346 in
679 2281 841 2369 Sligoensi
866 2283 1041 2362 Comitatu,
1067 2296 1102 2349 et
1211 2285 1212 2288 ’

162 2391 300 2476 O'Layn
314 2392 347 2457 in
358 2389 531 2476 Hymania,
543 2391 722 2462 vastissimo
734 2389 968 2478 O'Kellyorum
981 2403 1100 2471 tractu,

162 2502 218 2586 qui
232 2513 265 2566 et
280 2501 349 2586 ipse
366 2498 513 2585 O’Layn,
536 2497 690 2584 principis
716 2507 772 2563 aut
794 2500 929 2566 senioris
945 2497 1101 2585 O’Kelly-

162 2631 254 2674 orum
269 2607 396 2674 semiliae
410 2605 633 2673 fuit'vasallus.
671 2606 725 2671 De
738 2607 790 2671 his
805 2619 838 2672 et
849 2607 919 2672 allis
931 2607 996 2674 hue
1008 2631 1102 2694 spee-

162 2716 306 2782 tantibua
327 2715 391 2780 vid.
404 2713 548 2779 Flahert.
565 2736 643 2799 pug.
662 2716 733 2780 175.
778 2714 851 2800 Ego
874 2717 1000 2782 interim
1023 2717 1100 2782 Seo-

163 2834 265 2888 toram
277 2843 334 2886 seu
346 2817 561 2890 Hiberaomm
572 2817 729 2884 coloniam
741 2821 787 2904 (in
802 2827 896 2910 enjus
912 2821 1010 2888 solius
1025 2846 1100 2910 gra·
1211 2831 1212 2840 ’

163 2933 241 2998 tiam
255 2931 318 2996 hoe
333 2953 352 2993 a
366 2949 417 2992 me
441 2950 523 3013 opus
545 2938 729 3013 susceptum
750 2931 816 3012 est)
840 2932 907 3016 qua
923 2933 1013 3010 mari,
1033 2933 1101 3017 qua
1211 3011 1212 3014 Ἴ

165 3051 252 3104 terra
264 3061 305 3104 ex
317 3034 452 3122 Schytit
467 3035 499 3101 in
514 3034 706 3102 Hiberniam
720 3038 890 3106 deducam.
929 3041 1042 3116 Quare
1058 3043 1101 3107 sit
1211 3115 1212 3118 Ἴ

163 3297 194 3362 5,
223 3317 266 3360 DE
301 3315 474 3360 SCOTORUM
504 3306 564 3359 suu
594 3313 821 3360 HlBERNORUM
852 3313 889 3358 IN
921 3313 1101 3373 tirannum,
1211 3285 1212 3308 i

556 3419 708 3465 COLONIA·

228 3569 338 3654 Hujus
354 3567 496 3634 Colonioe
517 3591 591 3654 quae
611 3593 631 3634 a
652 3568 773 3634 diluvio
797 3568 967 3635 universali
985 3570 1019 3634 in
1040 3568 1103 3636 Hi·

162 3675 274 3742 bernia
287 3675 402 3759 quinta
416 3689 475 3754 est,
495 3688 528 3742 et
542 3699 616 3762 quae
631 3676 725 3742 unica
746 3676 822 3742 huie
842 3699 913 3742 meo
929 3678 1019 3763 operi
1034 3701 1101 3742 ma-
