2438 4308
150 321 195 386 82
533 341 713 408 mansum.

152 513 222 576 pra
237 492 382 579 reliquis,
396 503 547 581 torquet3
570 504 640 562 tum
653 493 779 560 ratione
793 492 936 579 originis,
955 499 1027 556 tum
1045 512 1096 554 ra·

152 601 240 672 tione
265 601 467 687 progressis.
513 601 626 676 Quare
649 621 758 688 operae
784 599 925 685 pretium
947 597 1032 664 duxi
1055 597 1099 662 de

153 729 194 772 eo
209 705 264 772 hic
279 707 465 794 specialiter
478 730 586 794 agere.
631 707 710 782 Quo
735 706 836 773 tutius
858 728 940 792 ergo
958 727 1019 792 per
1036 703 1098 770 has

154 811 369 903 Antiquitatis
392 817 512 902 spinas,
534 815 762 902 procedamus,
784 823 861 900 post
885 812 1100 890 Camdenum,

155 922 404 1005 supponendum
432 923 524 1002 duxi,
553 921 693 1010 populos
724 921 913 1008 priusquam
938 920 1102 1006 regiones,

155 1028 338 1094 nominibus
362 1029 430 1094 ruis
455 1039 550 1094 notos
573 1027 674 1094 fuisse
698 1039 732 1093 et
754 1050 774 1092 a
796 1026 926 1112 populis
949 1027 1101 1111 regiones

155 1131 255 1198 fuisse
280 1135 513 1201 denominatas.
557 1131 633 1200 Hac
658 1132 746 1202 facti
771 1134 992 1221 suppositione
1016 1130 1103 1197 Leo-

157 1252 261 1306 torem
279 1243 437 1308 monitum
458 1241 542 1320 volo,
566 1242 732 1308 Scotorum
754 1263 872 1308 nomen
895 1239 986 1327 priirs
1010 1240 1104 1325 genti

156 1357 277 1413 nostrae
289 1346 465 1414 adhaesisse
475 1349 572 1434 quim
583 1349 617 1412 in
627 1347 820 1414 Hiberniam
832 1369 867 1413 se
878 1345 1103 1422 contulissent,

158 1465 215 1520 aut
236 1455 378 1520 Hiberni
396 1466 601 1535 vocarentur,
627 1456 673 1521 ita
697 1465 734 1520 ut
756 1456 797 1520 ab
820 1454 986 1520 Hibernia
1012 1453 1105 1517 Senti

158 1563 320 1628 Hibernis
341 1574 375 1628 et
398 1563 535 1630 vicissim
564 1563 716 1628 aScotic
739 1563 786 1626 ab'
796 1561 960 1626 Hibernia
980 1559 1106 1626 dicere-

159 1687 213 1738 tur
242 1669 365 1749 Sentio,
401 1669 675 1757 quemadmodum
708 1669 828 1735 Cseebi
854 1667 1107 1734 denominantur

160 1776 300 1842 Bohemi
318 1801 338 1842 a
360 1779 493 1864 regione
519 1777 686 1854 Boiorum,
712 1799 808 1862 quam
837 1797 924 1842 nunc
948 1773 1107 1840 incolunt.

159 1884 251 1950 Idem
271 1886 369 1950 sentit
392 1883 576 1950 Flahertius
597 1887 631 1952 in
655 1885 714 1951 sui
743 1884 880 1972 Ogygia
900 1882 1105 1959 Domestica,

160 1991 216 2074 qui
230 1990 351 2056 ibidem
363 1991 522 2056 advertit:
540 1991 735 2060 Hiberniam
744 1991 845 2056 fuisse
856 1989 976 2056 Insnlae
986 2009 1108 2054 nomen

161 2098 204 2161 ab
218 2098 341 2163 exteris
353 2097 502 2176 inditum,
517 2108 552 2163 et
565 2122 586 2165 a
598 2097 689 2163 nulli
702 2121 780 2164 voce
795 2097 969 2164 vernaculi
979 2097 1110 2161 deriva-

161 2216 249 2286 tum:
274 2207 414 2272 Section
427 2209 505 2272 vero
526 2228 569 2272 ex
592 2208 759 2272 Scotorum
781 2218 879 2293 gente
901 2205 987 2272 illam
1010 2227 1109 2284 occu-

161 2323 261 2400 pante
275 2325 310 2380 et
323 2313 483 2382 incolente
497 2313 702 2401 appellatam.
747 2312 902 2390 Quamvis
917 2313 1021 2379 nostri
1035 2314 1109 2398 qui·

163 2423 238 2487 dam
252 2421 446 2488 fflberniom
460 2422 581 2489 frustra
595 2421 772 2488 derivatam
787 2421 905 2487 vellent
921 2421 962 2484 ab
979 2419 1108 2485 Hibero

140 2569 143 2573 >
159 2531 247 2615 fionn
258 2540 295 2594 ut
304 2530 447 2598 ostendit
456 2525 627 2618 bongartius
641 2529 679 2595 0·
685 2527 772 2596 Cleri
783 2540 897 2594 contra
907 2528 1109 2592 Benedinnm

164 2639 254 2723 apud
268 2638 465 2706 ramnum
479 2637 531 2703 his
546 2621 714 2705 rersibus:

167 2791 230 2856 Cui
244 2791 371 2856 minime
386 2793 566 2879 imperium,
584 2812 650 2854 non
662 2789 762 2856 debet
772 2789 938 2855 Hibernia
946 2811 1064 2856 nomen

210 2895 396 2984 Totaquod
411 2899 551 2983 antiquis
565 2896 675 2982 lingua
686 2896 806 2963 Latina
820 2898 922 2962 dedit.

169 3003 300 3071 Scilicet
313 3006 470 3092 Hyberno
483 3006 659 3071 demissum
672 3015 816 3091 tempore
827 3027 956 3083 nomen,

212 3111 275 3178 Cui
288 3111 425 3180 multum
438 3113 473 3177 in
486 3112 604 3178 Banbc
617 3111 746 3199 frigoris
760 3135 840 3176 ansa
852 3110 925 3188 fuit,

170 3223 346 3289 Codicibus
361 3221 470 3309 potius
486 3221 599 3306 patriis
613 3220 766 3306 inquirito
781 3241 912 3286 causam

215 3331 309 3404 Quos
325 3329 424 3396 aliam
430 3327 594 3414 duplicem
609 3345 856 3394 commemorare·
866 3326 980 3411 liquet,

170 3437 301 3520 Nempe
313 3436 401 3520 quod
412 3433 576 3521 Hesperio
590 3446 765 3522 generetur
778 3434 941 3501 Hibernia
956 3432 1052 3498 Ibero

215 3544 374 3622 Flumine,
394 3542 602 3610 Golamidirm
616 3544 737 3631 prodiit
750 3545 838 3610 unde
852 3564 976 3628 genus;

172 3653 238 3722 Vel
248 3650 338 3737 qirod
350 3653 393 3718 ab
406 3651 543 3731 Occasu,
557 3651 661 3717 Graio
676 3649 1002 3738 cognomine'Phaebi,

217 3760 271 3826 Sic
287 3783 345 3824 sua
360 3759 500 3824 Milesiis
515 3758 625 3824 Insula
640 3759 727 3826 dicta
744 3758 837 3824 foret.
1040 3745 1044 3752 .
