2440 4292
201 276 261 342 140
579 297 761 344 ursanum.

315 450 430 516 Altera
443 447 612 516 Wilhelmi
627 449 788 536 Margrita
802 471 820 514 e
836 450 956 516 semine
971 451 1067 536 primi
1206 467 1207 560 p

357 563 581 628 Normannum
595 563 730 647 geminae
746 561 803 626 dat
816 558 978 626 Diadema
992 559 1104 626 Rosae.

314 668 396 734 Dux
407 667 653 754 Fergusiadum,
668 667 833 734 Pictorum
843 666 1026 754 haeresque,
1038 667 1150 732 Kine-
1206 705 1207 766 ᾗ

456 773 533 840 thus
1206 773 1207 852 l

359 880 473 946 Univit
488 879 591 947 soboli
606 880 735 946 Scotica
749 903 850 966 regna
864 904 942 946 suae.
1206 865 1207 904 ³

317 988 466 1075 Regibus
482 1011 524 1054 ex
538 988 624 1064 Itho,
647 1011 688 1053 ex
714 988 873 1073 Hiroque,
896 986 1088 1064 Herimone,
1109 997 1149 1050 et

454 1095 590 1161 Hebero

365 1202 432 1268 Per
445 1203 550 1267 varios
565 1212 676 1266 atavos
691 1201 814 1288 gaudet
828 1201 926 1266 Ierna
939 1211 1020 1266 sato.

318 1309 479 1395 Progenie
491 1307 672 1395 Anglorum
683 1331 759 1394 pars
772 1307 874 1374 altera
883 1308 1025 1373 vindicat
1036 1317 1148 1372 ortum

361 1417 408 1482 Et
422 1415 536 1503 Burgo
550 1426 584 1481 et
598 1415 711 1494 Lacio,
727 1413 948 1502 Strigulioque
964 1415 1035 1480 sibi.
1059 1471 1063 1478 .

318 1522 446 1610 Anglus
462 1533 499 1588 ut
513 1521 716 1610 Angligenis,
741 1522 847 1587 Scotis
871 1532 908 1586 ut
930 1521 1057 1598 Scotus,
1083 1520 1148 1584 Hi-

456 1631 565 1696 bernis
1206 1617 1207 1620 ¹

360 1735 495 1802 Partitoe
509 1759 554 1802 ex
570 1745 644 1802 ortu
658 1738 768 1822 stirpis
783 1736 1045 1802 Hibernuserat.

179 1828 182 1833 ¹
204 1846 296 1910 1603.
322 1845 476 1929 Quinque
491 1866 590 1930 super
601 1866 716 1910 saxum
726 1843 824 1910 fatale
835 1843 982 1910 Jacobus
992 1846 1144 1909 munctus

244 1956 296 2016 22.
362 1951 505 2036 Imperat
519 1961 553 2016 et
569 1963 693 2037 septem
706 1951 878 2030 messibus,
893 1963 991 2036 atque
1007 1951 1130 2016 decem.

203 2060 296 2123 1625.
319 2057 386 2122 Sex.
397 2068 513 2142 quater
523 2058 599 2124 hinc
609 2069 704 2124 natus
717 2057 861 2125 succedit
873 2059 1010 2125 Carolus
1022 2081 1124 2124 annos
1137 2083 1144 2120 :

245 2165 297 2228 24.
363 2162 534 2228 Carnificis
551 2163 653 2230 secuit
667 2167 811 2250 tragicus
827 2165 913 2231 ensis
929 2162 1066 2233 Herum.

205 2273 297 2336 1649.
321 2271 410 2336 Hinc
427 2271 647 2356 interregnum
663 2271 836 2338 Cromvelli
850 2281 999 2356 tempore
1015 2273 1103 2349 saevi,

250 2381 298 2442 ll'.
364 2377 411 2442 Et
426 2379 556 2443 turbata
570 2379 662 2443 annis
678 2390 764 2457 octo,
780 2379 949 2463 tribusque
964 2378 1066 2463 quies.

207 2487 299 2552 1660.
323 2484 466 2550 Reserat
481 2485 556 2550 inde
572 2484 654 2550 alter
668 2487 782 2571 viginti
797 2507 919 2570 sexque
934 2508 994 2570 per
1009 2508 1112 2550 annos

366 2592 523 2672 Carolus3
544 2593 579 2657 in
593 2595 714 2679 gremio
730 2602 876 2657 mortuus
892 2591 1058 2658 Ecclesiae.

207 2704 299 2768 1686.
324 2700 382 2765 Bis
395 2700 499 2765 tribus
513 2701 590 2765 hinc
605 2702 707 2777 annis,
725 2700 863 2779 Jacobi;
885 2701 982 2786 ejecit
996 2699 1147 2764 Hiberno

268 2810 297 2871 6.
366 2806 510 2880 Quando
539 2830 639 2893 gener
665 2829 822 2887 socerum,
852 2819 930 2874 nata
955 2817 1147 2892 patremque

460 2910 589 2977 throno.

209 3021 300 3086 1692.
322 3017 402 3084 Tres
417 3040 517 3083 annor
533 3018 641 3084 Maria
654 3022 760 3107 regit*
776 3021 897 3088 sociata
911 3021 1048 3098 marit03

249 3121 301 3193 37.
367 3124 533 3191 Messibus
548 3126 603 3192 hic
618 3139 742 3212 septem
756 3129 902 3213 conjugis
917 3149 1005 3191 arma
1019 3127 1117 3212 gerit.

208 3236 301 3300 1702.
324 3233 423 3298 Anna
438 3255 529 3298 suam
541 3236 671 3320 excepit
685 3235 816 3302 meliore
827 3237 901 3320 jure
917 3256 1071 3310 sororem,

364 3338 500 3426 Datque
514 3339 745 3406 Britannorum
759 3343 850 3428 regia
859 3343 937 3426 jura
950 3342 1082 3420 throno,

323 3447 431 3526 Anna,
446 3470 526 3514 meae
541 3449 631 3535 genti
645 3448 764 3528 faveas,
780 3449 907 3535 Regina
920 3450 1076 3526 merenti,

365 3553 412 3619 Et
426 3554 485 3620 lies
502 3557 621 3635 Musis,
636 3555 743 3633 Anna,
758 3579 901 3642 perenne
916 3553 1005 3622 meis.

223 3682 386 3694 anm—-

253 3743 268 3773 ⁹
287 3737 400 3802 intellige
409 3738 433 3788 in
444 3739 491 3788 toti
504 3739 620 3791 Hibernia
630 3750 683 3808 post
691 3738 891 3808 Capitulationem
901 3740 1094 3792 Limericensem.
