2440 4292
179 313 224 380 96
387 294 391 300 ¹
565 329 743 378 ursarum.

179 488 285 554 virum
300 485 334 550 in
346 483 465 562 Sacris,
481 492 515 552 et
528 482 723 572 prophanis,
738 482 872 562 exteris,
888 491 922 550 et
935 482 1127 550 domesticis

124 587 129 597 ’
178 592 324 660 historiis
345 589 628 656 versatissimum:
648 587 732 668 illos,
758 590 786 654 si
808 589 889 674 quid
904 589 1028 655 orietur
1051 611 1131 655 con-

178 699 346 777 tentionis,
359 707 524 784 provocet.
549 695 593 764 Id
604 697 732 762 interim
746 691 905 762 affirmare
915 697 1018 762 ausim
1028 720 1036 760 ε
1048 718 1132 782 gen-

178 810 220 874 tis
234 818 356 874 nostrae
368 805 578 892 antiquitates
594 816 659 871 tam
667 802 769 870 firmis
781 802 877 868 nixas
892 801 1129 879 lirndamentis,

181 917 279 1002 quiam
302 913 438 980 aliarum
461 913 624 1000 gentium:
648 912 767 998 quibus
784 921 893 976 tamen
907 931 1009 996 penes
1025 909 1130 996 scrip·

169 1033 287 1088 torum
314 1042 447 1088 suorum
473 1018 665 1086 traditiones
690 1039 881 1104 permanere
907 1015 1004 1102 licet3
1028 1015 1129 1084 liceat

181 1151 261 1216 ergo
275 1138 309 1194 et
322 1128 427 1196 nobis.
462 1123 674 1212 Quapropter
687 1125 737 1208 (ut
748 1146 791 1190 ex
806 1123 998 1190 indubitatis
1010 1125 1130 1210 patriae

179 1232 325 1298 historiis
351 1229 465 1316 liquet)
482 1231 628 1316 quinque
651 1229 783 1294 fuerunt
797 1227 992 1315 principales
1016 1231 1050 1295 in
1065 1230 1131 1296 Hi-

180 1337 295 1404 bernia
324 1337 488 1403 coloniae:
527 1338 676 1413 Quarum
710 1344 737 1403 1.
770 1348 841 1403 erat
866 1336 1065 1415 Partholani,
1095 1343 1129 1407 2.

180 1444 442 1522 Nemethiorum,
463 1444 494 1508 3.
511 1443 699 1530 Belgarum,
724 1443 755 1508 4.
770 1441 1015 1524 Danannarum,
1045 1454 1080 1510 et
1095 1448 1128 1512 5.

181 1555 365 1634 Scotorum,
395 1575 452 1620 seu
473 1574 560 1619 nunc
574 1551 808 1630 Hibernorum,
832 1552 875 1618 de
898 1554 1017 1640 quibus
1039 1577 1129 1622 nuno

181 1663 296 1730 ordine
312 1684 456 1749 agemus,
470 1683 507 1726 ac
522 1659 672 1746 primd-

203 1811 249 1892 Dli
264 1844 504 1902 PARTHOLANO,
524 1845 585 1889 SEU
600 1844 706 1890 Parnm
721 1843 895 1892 uratum
910 1846 991 1892 Post·
1006 1846 1109 1893 CATA-

494 1950 655 1996 CLYSMUM
668 1952 824 1998 conortm.

182 2080 401 2152 Partholanua
417 2078 541 2166 primus
557 2077 726 2148 Hiberniae
749 2087 824 2164 post
846 2079 1000 2146 diluvium
1016 2078 1129 2154 Incola

181 2187 280 2275 vulgi
301 2186 473 2252 statuitur:
496 2183 565 2250 Alii
579 2195 686 2251 tamen
710 2185 846 2251 tradunt
869 2183 958 2252 illum
980 2197 1057 2252 ante
1080 2210 1128 2269 se,

181 2299 330 2364 homines
353 2297 399 2360 ibi
413 2294 598 2373 invenisse3
621 2292 675 2358 alii
687 2295 781 2360 brevi
795 2305 872 2380 post
893 2293 982 2362 illum
1013 2318 1129 2383 super-

182 2401 321 2480 venisse,
342 2422 425 2486 quos
447 2398 630 2484 Scriptores
655 2399 759 2464 nostri
773 2398 941 2482 Fomorios
961 2399 1130 2488 appellant

184 2510 260 2595 (sub
276 2531 342 2595 quo
357 2505 502 2595 generali
516 2506 643 2572 nomine
655 2505 831 2574 Nostrates
844 2509 1129 2595 comprehendunt

184 2641 294 2686 omnes
323 2614 558 2684 transmarinos
584 2615 783 2700 praedones3
812 2619 933 2704 primas
956 2616 1129 2685 Hiberniae

183 2725 325 2793 colonias
340 2723 543 2803 infestantes,
557 2723 614 2807 qui
628 2743 738 2788 omnes
754 2744 796 2788 ex
811 2725 932 2790 semine
945 2724 1050 2789 Cbam
1065 2726 1131 2790 ori-

183 2831 292 2916 ginem
305 2827 444 2893 traxisse
460 2825 621 2903 feruntur,
638 2837 672 2891 et
686 2837 826 2892 remotas
841 2829 930 2893 orbis
945 2827 1068 2896 insulas
1081 2829 1131 2895 in-

182 2934 332 3000 habitare
359 2931 530 3011 statuisse3
561 2931 782 3017 quolaciliris
811 2957 831 2998 a
859 2931 972 3001 debita
992 2933 1132 3022 Japheti

183 3039 323 3128 posteris
345 3037 500 3104 servitute
526 3036 719 3105 subtrahere
734 3061 769 3105 se
784 3039 920 3125 possint,
941 3040 1027 3109 Gen.
1052 3063 1128 3130 cap.

183 3147 229 3228 9.)
246 3145 304 3212 sed
320 3143 488 3212 Fomorios
508 3144 542 3209 in
563 3145 671 3231 specie
694 3144 811 3225 dictos,
836 3155 954 3232 putant
978 3168 1051 3213 esse
1064 3146 1134 3213 Hi·

182 3253 305 3319 berniae
326 3250 449 3318 incolae
479 3252 548 3318 sine
575 3253 698 3339 origine
724 3251 802 3332 ullo,
833 3262 889 3319 aut
919 3251 1010 3320 certis
1037 3254 1130 3335 aede,

183 3360 296 3448 quales
317 3371 411 3427 erant
434 3358 627 3426 Latinorum
652 3361 848 3448 aborigines,
877 3372 912 3427 et
935 3362 1133 3428 Graecorum

184 3472 357 3556 Gigantes,
368 3491 453 3556 quos
468 3492 533 3535 non
548 3467 678 3534 aliunde
694 3469 860 3548 advectos,
873 3469 930 3535 sed
940 3469 1132 3550 herbarum,

183 3578 399 3660 arborumque
415 3574 530 3653 instar,
545 3595 588 3640 ex
603 3572 691 3641 terri
705 3576 833 3662 genitos
849 3575 1070 3660 autumirunt,
1088 3578 1132 3646 de

184 3682 304 3771 quibus
319 3679 427 3765 virgil
444 3678 519 3746 Lib.
535 3679 633 3747 VIII.
657 3679 792 3748 AEneid.
