2438 4308
176 335 221 399 62
555 347 734 402 ursanum.

176 513 294 589 potest.
340 501 388 572 Ut
401 525 466 572 non
475 505 633 572 immeriti>
642 505 714 572 haec
725 503 836 572 Insula
849 505 994 592 Ogygia,
1009 505 1042 572 id
1055 517 1119 587 est,

175 611 367 699 perantiqua
386 610 564 679 Plutarcho
587 613 675 680 dicta
700 613 752 679 sit.
811 611 845 680 A
863 611 1119 700 profundissimi

176 721 274 799 enim,
297 720 401 806 inquit
417 719 623 800 Cauarum,
649 721 850 807 antiquitatis
864 713 1028 800 memorii,
1049 721 1124 788 his-.

176 827 274 892 toriae
289 829 498 914 auspicantur
515 827 666 908 Hiberni,
679 827 762 895 adeo
778 840 825 906 ut,
839 851 909 916 prae
923 827 995 908 illis,
1011 829 1117 894 omnis

176 933 316 1000 omnium
330 923 474 1022 gentium
491 933 666 1020 antiquitas
688 937 731 1002 sit
748 935 887 1015 novitas,
909 944 944 1002 et
957 935 1118 1021 quodam-

176 1042 271 1108 modo
280 1043 424 1111 infantia.
455 1038 567 1110 Taceo
577 1042 702 1111 litteras
716 1043 912 1110 Hibernicas
927 1044 1116 1129 (dequibus

176 1171 235 1214 suo
249 1148 332 1233 loco)
343 1174 408 1217 non
417 1176 437 1216 a
448 1149 604 1217 Romanis
619 1162 676 1218 aut
691 1151 760 1218 aliis
771 1152 923 1238 gentibus
938 1163 1115 1230 mutuatas,

175 1257 235 1330 aed
249 1280 269 1322 a
282 1259 412 1324 Feniaio
434 1269 491 1324 aut
504 1258 604 1324 Fem'o
618 1261 722 1348 pdmo
745 1281 857 1324 earum
872 1259 1037 1324 inventore
1061 1281 1116 1326 ac·

175 1373 300 1449 captas,
318 1363 415 1451 longe
437 1374 610 1450 antequam
626 1365 668 1430 de
683 1364 908 1454 Romanorum
931 1354 1059 1430 nomine
1080 1367 1115 1430 in

174 1471 254 1536 orbe
268 1453 485 1558 cogitaretur.¹
519 1465 688 1562 Siquidem
702 1471 850 1537 Feoisr'ua
865 1472 1113 1558 cognominatus

173 1578 345 1656 Faraaidh,
367 1577 503 1664 daphetl
518 1601 559 1645 ex
575 1571 700 1665 Magog
715 1576 783 1644 filio
797 1598 961 1665 pronepos
976 1577 1030 1661 (de
1046 1599 1114 1663 quo

108 1720 111 1728 ·
173 1683 277 1750 fusitis
288 1684 321 1748 in
336 1685 561 1774 sequentibus)
573 1685 661 1750 unde
676 1683 769 1750 facile
784 1694 834 1749 est
848 1681 1011 1771 colligere,
1022 1683 1123 1760 illum,

173 1790 274 1857 fuisse
296 1814 396 1858 unum
417 1810 436 1856 e
447 1792 650 1878 principibus
663 1789 720 1876 qui
733 1787 768 1856 in
781 1785 963 1879 linguarum
975 1788 1113 1857 distrac-

173 1899 260 1964 tione
273 1897 399 1963 lamiliis
413 1911 593 1984 praeerant:
615 1909 650 1964 et
663 1894 805 1985 linguam
819 1898 1025 1985 posterisque
1040 1897 1113 1984 ejus

173 2027 368 2085 concessam,
396 2003 512 2071 litteris
541 2005 760 2092 consignasse.
817 2001 974 2084 Accedit3
1006 2003 1109 2080 Quod

173 2111 329 2190 Haebero,
354 2109 537 2180 Hebraicae
565 2112 685 2199 linguae
714 2125 953 2190 conservatore,
980 2129 1110 2178 coaevus

172 2218 288 2298 fuerit3
319 2230 357 2285 ut
380 2239 423 2286 ex
445 2241 486 2286 eo
508 2219 622 2306 liquet,
652 2217 742 2306 quaid
764 2215 913 2286 Noemus
930 2218 1114 2306 ‘turiusque
1159 2231 1162 2242 ’
1193 2268 1198 2276 .

171 2325 269 2391 fuerit
283 2327 416 2394 abavus.

295 2535 373 2601 Vide
387 2533 562 2602 Futuras.
576 2557 610 2621 p.
624 2535 676 2602 63.
695 2533 835 2620 ogygtae
849 2533 993 2599 Eaterae.

236 2664 257 2698 “
273 2659 549 2747 Quandoquidem
562 2663 683 2728 mentio
698 2659 784 2727 facta
803 2667 853 2726 est
867 2661 910 2726 de
924 2657 1112 2725 fluminibus

171 2768 350 2846 Hiberniae,
372 2785 472 2854 supra
489 2785 575 2833 nuum
592 2776 624 2845 4,
648 2767 689 2833 de
704 2765 756 2833 his
771 2765 879 2853 aliqua
893 2766 1112 2853 adjiciendum

171 2873 270 2940 duxi:
308 2894 345 2938 ac
374 2871 478 2958 primu
505 2873 548 2938 de
579 2873 714 2939 vetustis
742 2873 788 2940 sic
826 2873 987 2939 invenitur
1019 2860 1113 2960 'apud

170 2978 363 3046 Furiana-'⁹

170 3128 416 3208 Fordrcmanus,
430 3127 576 3207 manet,
591 3128 808 3214 Lochdrrgan,
824 3138 940 3214 stagna
952 3138 1081 3194 vetusta

215 3234 307 3310 Quos
316 3236 415 3321 quam
429 3233 517 3301 culta
530 3235 633 3321 priris,
648 3235 733 3302 firdit
746 3235 844 3300 lerna
859 3235 957 3300 hcm.

170 3339 297 3419 Bonna,
306 3341 410 3428 stigo,
419 3342 534 3429 Busae,
548 3343 620 3420 lia,
635 3341 782 3428 Liffaeus,
797 3339 904 3420 Erae,
917 3339 1112 3421 Madame,

213 3448 333 3525 Buca,
348 3448 430 3515 Lius
444 3449 598 3528 Maedos,
612 3447 745 3516 flumina
758 3447 867 3534 prisca
881 3447 1005 3514 decem.
1033 3527 1043 3538 .

171 3595 225 3662 De
241 3588 358 3662 Liffaeo
374 3608 482 3666 autem
502 3597 548 3666 sic
571 3595 648 3665 alibi
670 3595 814 3682 loquitur
832 3593 988 3664 Neachus
1012 3605 1113 3683 poeta

171 3704 332 3789 antiquus.
