2440 4292
568 331 749 380 HIBEBMA.

325 487 451 554 Moloeis*
466 485 594 554 soboles
608 484 777 552 asseruere
793 485 883 551 sibi..

285 595 350 661 His
367 605 437 678 sata
453 595 638 681 progenies,
653 615 735 680 gens
750 615 816 658 non
830 592 978 660 delebilis
994 617 1077 676 aevo,

329 703 460 770 Perstat
476 701 585 768 adhuc
600 703 708 788 patrio
722 700 839 768 nobilis
854 723 959 786 usque
975 703 1056 768 solo.

285 808 451 876 Undecies
466 810 580 876 denis*
595 819 761 896 regnatur,
776 819 810 874 et
826 807 1116 890 octoMonarchis,

328 917 385 983 Ad
398 938 483 983 novo
497 916 632 982 Patricii
645 917 763 983 nuncia
776 938 868 984 secra
882 917 939 1002 pii.

287 1026 356 1092 Sex
382 1026 490 1091 decies
514 1024 675 1090 Herimon
693 1025 846 1111 princeps
862 1046 942 1114 'cum
971 1024 1095 1090 semine

427 1130 579 1217 complet,

314 1239 493 1326 ,Reginam
508 1249 542 1306 et
555 1259 652 1324 reges
666 1246 740 1304 octo
754 1246 805 1304 ter
819 1235 924 1305 Hirus
940 1239 1052 1306 habet.

158 1382 160 1390 ν
284 1335 369 1411 Tres
383 1344 476 1422 facis,
487 1343 573 1422 Ithe,
588 1345 684 1422 duos,
700 1343 810 1409 novies
821 1344 926 1410 tribus
942 1345 1035 1410 addit
1049 1347 1116 1413 Hi-

426 1454 538 1530 beros,

328 1559 361 1624 E
376 1557 473 1645 vulgo
487 1556 628 1642 reliquos
643 1556 808 1624 Corbreus
823 1558 998 1625 intererat.

290 1666 415 1733 Mileii
422 1663 532 1752 proles
543 1662 716 1742 Hermon,
728 1673 762 1728 et
773 1662 938 1742 Heberus,
954 1675 988 1731 et
995 1665 1113 1746 Hirus,

330 1775 452 1840 Milesii
477 1773 536 1838 sed
549 1773 636 1838 enim
650 1781 789 1858 patruus
803 1769 899 1838 Ithus
914 1783 993 1838 erat.

167 1884 263 1950 2934.
288 1882 656 1969 Mille,quadringentis‚
667 1881 840 1959 duodenis,
855 1892 889 1947 et
897 1893 1013 1968 quater
1021 1884 1115 1949 annis

237 1993 264 2054 l.
329 1989 420 2054 Illius
429 1989 569 2056 'incoluit
583 1990 691 2076 gentis
705 1987 802 2055 lento
813 1989 918 2058 Deos.

169 2099 265 2164 2935.
287 2096 369 2163 Post
384 2119 503 2161 annum
517 2106 568 2161 est
582 2095 742 2161 Herimon
756 2095 924 2162 Scotorum
934 2095 1008 2163 Rex
1021 2100 1117 2183 prior

427 2213 558 2280 unctus,
578 2243 582 2254 ·

214 2313 266 2378 13.
332 2311 501 2377 Messibus
516 2333 593 2376 arva
601 2305 716 2376 decem
729 2321 873 2388 rexerat,
888 2321 987 2397 atque
997 2313 1115 2380 tribus.

295 2421 473 2487 Temeriom
486 2421 633 2486 extruxit
647 2420 768 2505 conjux
781 2419 979 2486 Heremonia
992 2421 1096 2486 Thais
1105 2448 1118 2486 .·

330 2527 482 2594 Summus
496 2528 544 2594 ibi
559 2526 690 2612 Imperii
704 2527 820 2594 moenis
834 2527 930 2606 celse,
945 2527 1047 2595 locus.

171 2637 266 2702 2942.
290 2633 460 2700 Memnone
475 2633 618 2720 Imperio
627 2656 700 2699 cum
713 2633 844 2718 Loqcseo
853 2634 1001 2720 Lugoius
1014 2658 1113 2721 aequo

236 2741 267 2802 3.
332 2737 528 2824 Regnorum
542 2741 634 2806 annis
648 2742 716 2806 nati
732 2741 909 2808 Herimone
925 2743 1046 2809 tribus:

172 2845 267 2910 2951.
290 2842 390 2908 Filius
402 2845 573 2930 Euryalus
587 2847 689 2912 denos
705 2843 889 2914 Herimonis
899 2849 943 2913 ad
957 2873 1070 2930 annos,

217 2950 274 3020 10..
335 2949 492 3016 Gestdret
507 2951 618 3040 Regni
640 2955 730 3041 regia
745 2954 883 3041 Sceptra
897 2958 982 3022 novi.

170 3061 268 3128 2961.
292 3058 430 3144 Excipit
445 3059 620 3128 Ethreolus
634 3063 816 3149 genitorum
829 3064 937 3150 regius
952 3063 1080 3144 haeres„

214 3168 266 3232 20.
333 3166 391 3232 Bis
406 3177 456 3232 tot
471 3177 504 3232 et
519 3178 702 3247 autumnos,
715 3179 795 3254 quot
805 3181 899 3256 pater
913 3181 999 3250 ante,
1009 3173 1115 3239 sedet.

172 3275 269 3342 2981.
294 3275 424 3342 Primus
438 3273 658 3342 Heberc'odum
681 3274 812 3342 soboles
833 3277 1007 3344 Coomalets
1030 3277 1101 3345 He-

431 3380 502 3445 bri

214 3486 266 3550 30.
333 3402 480 3551 Milesioes
494 3428 600 3550 lasees
615 3485 665 3550 bis
679 3485 741 3550 tria
754 3484 858 3550 lustra
872 3486 967 3572 gerit.

496 3711 511 3744 ¹⁸
524 3712 570 3760 118
584 3709 664 3778 Reges
676 3709 783 3762 Ethoiei.
