2438 4308
480 349 659 398 usmarus.

93 506 117 538 ‘⁸
131 499 180 570 Ni
194 501 285 570 fallat
299 499 413 581 fatum,
428 503 521 570 Scoti
534 527 730 592 quocunque
743 506 885 576 locatum

11 621 12 624 ’
97 610 271 677 Inveniunt
284 611 437 697 lapidem,
452 633 589 698 regnare
604 623 757 680 tenentur
770 615 923 685 ibidem.”

99 718 200 784 Hunc
214 719 356 805 lapidem
371 717 520 806 AEgypto
535 721 661 788 duxere
677 721 848 790 Gatelides
864 725 940 792 olim

102 825 169 890 Per
182 836 280 891 terrae
294 836 482 910 tractusque
496 829 613 894 maris:
636 829 791 898 miracula
805 854 888 898 saxo
933 823 936 832 ’

102 931 261 1016 Quisquis
275 932 385 998 inesse
399 944 503 1018 putet.
549 936 622 1002 Nec
637 937 726 1003 enim
739 939 862 1026 regalia
876 951 1006 1027 sceptra

102 1037 231 1124 Imponi
245 1039 368 1124 patitur
382 1040 492 1125 capiti,
507 1041 597 1126 quod
611 1044 736 1129 origine
750 1067 866 1132 regum
980 1039 1046 1113 v586

103 1145 205 1212 Parte
219 1144 329 1230 aliqua
342 1169 408 1234 nou
422 1149 483 1213 sit:
507 1152 585 1234 quin
600 1153 751 1237 protinus
767 1153 821 1220 ille
835 1156 982 1241 gemiscit

102 1252 321 1338 Immugitque
334 1252 430 1338 lapis,
446 1276 519 1321 cum
533 1277 593 1322 rex
607 1259 826 1344 superinsidet
839 1260 906 1340 olli,

106 1361 176 1434 Qui
190 1383 256 1424 non
269 1359 432 1447 legitimus
447 1360 555 1427 fuerit.
599 1361 681 1430 Fors
696 1387 796 1430 saxea
808 1368 909 1432 corda

105 1468 235 1554 Regem
250 1478 452 1546 aversantur,
466 1470 540 1553 quis
554 1469 666 1555 iniquis
680 1471 797 1538 fraude
811 1484 952 1551 creatur,
986 1480 1049 1540 ³90

104 1575 295 1642 Transferri
308 1596 368 1640 nec
383 1597 485 1665 regna
500 1578 606 1642 sinant
621 1577 753 1645 haerede
767 1592 892 1648 remoto

103 1683 277 1770 Legitimo.
321 1682 397 1747 Hoc
412 1683 508 1748 toties
523 1684 644 1750 nostris
659 1685 693 1749 in
707 1687 840 1772 regibus
855 1684 931 1752 olim

103 1789 214 1877 saepe,
227 1789 279 1855 vel
292 1799 411 1855 eventu
426 1793 703 1878 correspondente
718 1795 892 1879 probatum
905 1806 967 1860 est.

101 1899 178 1964 Hac
193 1919 323 1983 quoquo
335 1897 377 1962 de
389 1895 490 1962 coust
500 1896 643 1983 lapidem
655 1899 773 1966 Scotus
785 1911 877 1966 ortus
890 1900 1048 1968 Hibernis

103 2005 213 2071 Duxit
227 2004 269 2069 ad
284 2003 453 2080 Albiones,
465 2015 499 2070 et
513 2005 590 2090 pdst
604 2007 750 2073 «Iacobus
767 2009 810 2074 ad
824 2007 962 2094 Anglos.
986 2015 1049 2075 595

103 2112 289 2200 Anglorum
303 2112 392 2197 prior
405 2111 459 2177 hic
474 2112 585 2178 nostrai
600 2113 642 2179 de
658 2116 759 2203 stirpe
774 2117 969 2182 monarcha:

103 2223 172 2288 Hic
185 2221 280 2306 lapis,
295 2221 349 2286 hic
363 2221 457 2306 regni
470 2223 573 2286 nostri
588 2245 718 2309 quoque
735 2247 860 2292 summa
870 2224 1047 2292 locataest.

150 2329 316 2395 Praetereo
331 2338 459 2392 nostros
476 2327 646 2395 Gallorum
659 2330 768 2398 littora
783 2330 886 2399 classe

104 2435 328 2524 Oppugndsse
341 2435 429 2515 olim,
444 2447 478 2502 et
491 2439 648 2502 mavortia
664 2439 757 2524 signa
770 2460 831 2524 per
846 2438 950 2524 Alpes
985 2447 1048 2504 599

105 2547 263 2612 Duxisse.
307 2543 410 2610 Haud
425 2565 509 2609 unua
525 2543 637 2609 nostri
652 2545 693 2610 de
709 2545 819 2611 Gente
834 2544 1017 2612 Monarcha

106 2653 239 2722 Occidit
253 2652 296 2718 ad
312 2653 467 2738 Ligerim,
483 2651 534 2717 vel
548 2651 682 2718 fulmine
696 2662 803 2718 tactus
818 2653 863 2718 sd
876 2651 991 2739 Alpes.

150 2763 242 2829 Inter
255 2761 413 2847 captivos,
429 2759 531 2826 laelice
546 2759 605 2826 sed
621 2761 738 2840 omine,
756 2760 871 2828 Gallos

107 2871 284 2936 Patricium
298 2868 436 2956 legimus
450 2870 576 2934 venisse
592 2869 713 2935 deinde
728 2870 882 2937 subulcus

105 2978 171 3046 Ter
185 2979 278 3044 denis
293 2979 384 3042 annis
400 2978 530 3043 servivit
544 2979 578 3042 in
589 2979 660 3043 aede
676 2977 798 3043 Sabelli
810 3005 819 3056 3

105 3085 194 3151 Inde·
203 3084 393 3168 redemptus
408 3085 450 3149 ab
465 3083 600 3170 Aligero
614 3087 769 3150 remeavit
783 3086 826 3149 ad
841 3107 915 3151 oras
988 3089 1051 3148 605

105 3193 312 3258 Armoricas*
329 3189 403 3275 (suit
416 3190 492 3256 indo
508 3212 621 3275 nepos,
638 3191 669 3256 O
684 3193 822 3256 maxime
836 3187 958 3274 praesul
976 3225 979 3232 »

105 3297 167 3364 llle
182 3309 269 3378 tuus,
284 3296 441 3380 Martiae)
456 3297 532 3364 Deo
540 3299 608 3384 jam
623 3297 740 3382 plenus
751 3297 880 3362 lernam

107 3409 300 3474 Immersam
315 3405 459 3472 tenebris
474 3406 664 3502 miseratus3
688 3427 800 3470 rursus
816 3403 948 3470 lernam

157 3633 173 3663 ¹
192 3631 318 3683 Armorica
334 3631 437 3699 tigrides
453 3632 506 3682 that
520 3640 573 3698 part
589 3631 618 3681 of
633 3631 724 3682 Franco
742 3629 821 3683 which
839 3630 883 3683 lies
894 3629 1000 3680 between
1012 3621 1053 3672 the

104 3721 188 3776 mouth
199 3722 227 3774 ol
236 3722 276 3775 tho
287 3722 347 3775 river
357 3721 426 3777 loire
437 3722 485 3774 aud
499 3721 552 3774 that
562 3721 638 3774 ottho
649 3721 729 3775 Scine.
