2438 4308
165 347 208 411 22
545 365 725 412 ursanum.

165 519 260 584 Gens
275 521 467 586 aversaturi
490 519 669 606 Cererique
683 528 815 584 assueta
829 515 965 603 Lyreum
1045 518 1111 582 190

163 623 240 690 Non
255 624 388 711 praeiert
403 624 533 691 Cereris
548 647 657 704 succo,
672 624 725 692 vel
738 623 849 692 forsan
860 625 1040 710 adaequati

162 731 217 797 An
231 734 340 818 potius
352 731 407 800 vili
420 735 497 820 quia
511 733 639 802 Gallica
655 735 729 799 vina
743 743 777 800 et
793 733 892 800 lbera

162 836 229 902 Hic
243 839 367 904 bibitur
380 839 500 926 pretio,
516 839 640 904 tumido
654 838 751 903 maris
765 857 898 924 aequore
911 849 1013 904 vecta.

205 941 372 1022 Perdices,
387 943 488 1020 turdi,
503 942 664 1029 phasiani,
679 963 857 1030 omnesque
872 942 1020 1010 volucres

162 1051 307 1118 Collibus
322 1052 374 1118 bis
388 1063 424 1118 et
437 1053 523 1140 agris
538 1063 684 1118 errantes
697 1052 820 1139 decipit
835 1073 957 1139 auceps
1041 1055 1106 1118 195

160 1157 325 1244 Tempore
339 1180 488 1244 quasque
504 1180 574 1237 auo,
588 1156 639 1224 vel
653 1155 779 1244 plumbi
791 1157 949 1245 grandine
964 1160 1092 1226 sternit.

159 1261 238 1329 Non
250 1262 379 1350 lepores
395 1261 497 1344 Atho,
508 1285 569 1329 nec
583 1285 662 1349 apes
674 1262 754 1328 mihi
763 1265 867 1350 jactet
882 1263 1075 1354 Hymettus,

160 1369 239 1434 Nou
250 1369 344 1435 Atho
356 1370 455 1451 cedit,
467 1391 529 1436 nec
544 1369 707 1436 Hibernia
720 1372 809 1438 cedit
822 1370 993 1458 Hymetto.

159 1473 328 1560 Nusquam
343 1474 421 1542 alibi
433 1474 562 1562 lepores
576 1479 679 1564 magis
693 1479 873 1545 insectatur
887 1479 989 1544 odora

159 1579 270 1647 Turba
283 1581 410 1664 canitur,
424 1583 635 1669 sequiturque
649 1582 745 1648 avido
760 1582 825 1650 ciro
839 1593 994 1668 vertagus
1009 1603 1077 1648 ore.

159 1689 249 1756 Pone
263 1692 372 1775 pudor
385 1691 479 1756 nobis
493 1690 638 1777 leporem
652 1691 802 1776 trajicere
816 1689 960 1778 plumbo.
1035 1689 1099 1758 201

157 1794 341 1862 Arboribus
353 1795 492 1874 Martes,
508 1795 627 1862 Castor
640 1795 784 1863 delectat
797 1798 831 1862 in
845 1796 956 1874 undis,

159 1903 309 1986 Quaeque
320 1903 398 1966 ierae
413 1901 522 1985 sylvis,
535 1901 587 1966 vel
601 1923 725 1988 aquoso
738 1902 847 1968 littore
862 1901 1018 1988 gaudent.

200 2010 294 2084 Quid
307 2010 398 2096 quod
412 2033 491 2098 apes
507 2009 573 2078 illic
588 2013 731 2078 condant
745 2011 887 2078 alvearia
900 2011 989 2077 terrie
1017 2053 1020 2062 ,

155 2115 343 2182 Ruderibus
357 2115 484 2196 domin,
498 2137 620 2198 musco,
635 2119 824 2204 truncisque
839 2119 972 2196 coraus,
1030 2119 1099 2186 205

156 2221 249 2288 Citra
261 2220 401 2290 hominis
415 2232 537 2304 curam,
549 2247 609 2290 sua
624 2247 719 2292 cerea
731 2231 842 2293 castra
855 2235 1025 2292 metantes.

198 2329 278 2396 Plus
292 2331 381 2398 ultra
394 2334 543 2422 ingentes
559 2336 665 2400 cernis
679 2334 856 2421 vallesque,
870 2331 1038 2419 lacusque,

156 2435 250 2510 Quos
264 2437 341 2505 iecit
355 2449 482 2519 natura,
498 2441 564 2506 suia
577 2462 709 2526 quoque
724 2440 857 2506 dotibus
871 2441 973 2505 auxit.

155 2541 238 2608 Pars
252 2542 315 2609 alia
327 2545 361 2610 in
374 2544 508 2628 ferrum,
521 2545 728 2633 lapidemque
741 2546 903 2611 invertere
916 2543 1005 2629 ligna

154 2649 273 2730 Pollet‚
285 2657 322 2719 'et
336 2653 420 2721 irato
434 2677 512 2740 pers
527 2677 594 2721 una
608 2655 791 2740 reciprocat
805 2663 899 2731 aratu,
1030 2653 1098 2717 210

155 2757 205 2824 Sit
219 2760 334 2846 procul
348 2760 402 2830 illa
417 2763 517 2826 mari:
541 2759 669 2825 redolet
682 2781 759 2845 pars
773 2757 877 2824 altera
890 2757 990 2824 salem
1005 2783 1014 2836 ;

153 2862 199 2930 Et
213 2887 311 2930 canos
326 2865 404 2932 facit
417 2867 582 2932 immersos
596 2887 674 2951 pars
688 2885 755 2930 una
767 2864 901 2952 capillos

151 2971 269 3038 Altera
283 2973 476 3059 paraverint
490 2972 636 3050 sormam,
650 2972 818 3057 variatque
832 2970 972 3037 colorem
987 2999 997 3050 3

152 3077 323 3146 Interdum
337 3080 376 3146 iit
390 3078 560 3159 caeruleus,
573 3101 661 3146 nunc
676 3101 810 3148 croceus
825 3079 905 3159 exit,

151 3189 263 3256 Induit
276 3201 311 3256 et
324 3191 445 3256 virides
459 3188 647 3275 aliquando,
664 3187 892 3274 smaragdinus
906 3189 1012 3254 undas
1027 3213 1036 3265 ;

151 3295 294 3362 Munera
307 3308 479 3384 pretereo,
494 3304 626 3364 teneant
640 3317 714 3381 quae
728 3293 869 3382 plurima
880 3294 994 3360 fundo.
1027 3294 1095 3358 216

193 3401 311 3468 Laude
325 3401 384 3468 aui
397 3403 542 3471 intonsas
556 3423 684 3486 nequeo
699 3399 887 3466 describere
902 3399 1006 3488 sylvas
1022 3425 1032 3478 ;

150 3509 310 3576 Deciduis
323 3510 399 3576 rari>
414 3533 450 3576 se
465 3521 602 3577 exornat
617 3509 759 3577 crinibus
774 3509 881 3575 arbdr.

149 3616 217 3683 Hic
230 3616 401 3684 bederi'in
415 3641 532 3699 ramos,
543 3641 635 3686 nexu
649 3615 770 3684 diffusa
784 3618 902 3695 tenaci,

150 3721 215 3794 Per
228 3737 391 3805 munuum,
406 3749 531 3814 perque
545 3726 612 3794 alta
625 3746 750 3811 sequax
763 3722 895 3811 fastigia
908 3722 1022 3809 serpit,
1088 3781 1090 3786 .
