2438 4308
198 303 242 368 46
372 343 375 352 .
584 317 759 368 mnam.

196 475 262 541 Hic
277 485 372 561 parat
385 473 520 540 insidias
535 472 649 540 oribus
663 471 741 560 gula
756 472 847 540 loeda
860 471 1025 560 luporum

239 582 370 667 Hicque
385 579 599 647 molossorum
614 581 770 647 sternitur
784 602 840 647 ore
854 577 963 668 lupus.

200 688 330 768 Ostrea,
345 688 507 776 perdices,
522 684 662 773 lepores,
677 687 711 752 in
724 685 848 754 fercula
861 689 973 754 condit

240 793 465 863 Ventricobim
477 794 598 860 mensis
613 792 768 861 deliciosa
781 817 916 882 coquus.
1084 797 1157 862 100

197 904 345 970 Piscator
359 903 482 991 pisces,
493 899 640 968 volucres
655 902 710 970 hic
723 903 848 990 decipit
861 921 998 990 auceps,

240 1011 453 1095 Venatorque
468 1032 565 1096 vagas
579 1031 671 1074 casse
686 1019 801 1077 tenace
815 1011 912 1078 feras.
1018 1041 1020 1043 ·

198 1124 314 1191 Sibilat
327 1123 382 1189 hic
396 1145 530 1210 serpens
546 1120 653 1188 nullus
669 1143 729 1190 nec
744 1145 824 1188 rana
838 1135 965 1201 coaxat,

240 1233 368 1299 Bufove
382 1242 536 1298 ventroro
550 1240 683 1317 pectore
698 1233 786 1297 virus
802 1231 868 1299 alit.

198 1341 309 1407 Littus
324 1340 357 1404 in
371 1337 556 1404 Hibernum
570 1339 656 1404 vecti
670 1337 793 1405 telluris
809 1340 911 1406 odore
1080 1347 1152 1405 105

240 1441 417 1532 Serpentes
433 1467 506 1512 cum
520 1445 626 1512 animi
637 1447 768 1512 toxicon
782 1469 877 1512 omne
889 1437 1034 1514 romunt.

197 1551 338 1619 Palladis
353 1563 386 1618 et
402 1553 519 1618 Martis
534 1553 658 1618 cunctis
673 1575 753 1638 gens
768 1563 846 1638 apta
859 1539 1031 1640 palaestris,

237 1661 373 1726 Viribus
388 1658 562 1726 Herculeis
576 1657 678 1745 pollet
693 1671 726 1724 et
740 1661 880 1747 ingenio.

195 1767 293 1834 Hanc
307 1768 432 1833 refovet
446 1776 576 1852 gentem
590 1765 797 1832 modulamen
813 1767 910 1834 dulce
924 1779 1101 1836 canentum

239 1874 384 1940 Vatidici
397 1875 483 1959 regis
499 1874 641 1939 earmina
655 1873 743 1938 culta
756 1873 841 1960 lyrd.
1077 1878 1148 1942 110

195 1975 361 2046 Nobilitas
374 1979 523 2045 venando
537 1978 634 2058 feras,
650 2002 709 2045 sua
724 1992 870 2068 tempora
884 1981 976 2060 fallit,

238 2085 357 2152 Flectit
371 2107 474 2170 equos
488 2107 580 2172 gyro,
596 2085 719 2153 Martia
735 2087 800 2164 tela
813 2091 942 2174 probat.

195 2191 294 2257 Plebs
308 2192 391 2278 fugit
406 2190 570 2258 artificdm'
580 2191 768 2258 malesuadi
782 2206 889 2262 ruente
903 2195 1043 2274 labores,

239 2297 397 2364 Hibernae
410 2297 488 2364 hinc
503 2299 574 2364 aliis
591 2297 874 2385 conglomerantur
889 2319 979 2388 opes.

194 2405 390 2470 Sanctorum
403 2397 553 2483 celebris,
569 2403 751 2471 Doctorum
766 2417 844 2472 nota
859 2408 1049 2492 sophorum,
1077 2412 1142 2475 115

238 2510 335 2578 Clara
349 2513 479 2591 ducum,
496 2512 573 2580 saevi
587 2508 705 2577 Martis
715 2524 751 2578 et
764 2513 818 2576 illa
832 2535 963 2599 parens.

197 2622 288 2686 Gens
302 2618 374 2686 haec
388 2631 422 2685 et
434 2619 530 2686 tellus
545 2631 671 2686 natura
684 2608 818 2687 foederis
834 2621 942 2700 aruris,

239 2727 393 2812 Corporis
408 2749 446 2792 ac
459 2727 573 2792 animae
587 2723 721 2794 toxicon
736 2749 841 2807 omne,
856 2729 978 2794 donrat.

195 2830 340 2897 Haeresis
354 2830 408 2896 illa
422 2833 543 2898 animas
557 2833 738 2918 laqueantis
753 2835 893 2921 despicit
907 2847 1006 2914 artes,

238 2937 434 3024 Serpentum
449 2937 543 3002 tellus
558 2939 645 3004 virus
659 2929 761 3006 odore
776 2952 881 3007 necat.
1075 2945 1141 3008 120

195 3037 277 3109 Fida
293 3066 360 3109 suae
375 3043 486 3108 nutrix
499 3044 588 3124 fidei,
602 3068 699 3131 quam
711 3049 867 3134 sanguine
882 3037 1033 3113 Christus

103 3177 107 3184 ·
124 3229 126 3234 ,
238 3150 365 3232 sanxit,
380 3173 477 3237 quam
491 3149 619 3231 Petrus,
636 3152 862 3239 Patriciusque
875 3154 977 3219 dedit.

197 3259 305 3333 Quam
320 3259 461 3325 docuere
476 3268 598 3344 patres,
613 3261 729 3346 priscis
745 3271 836 3326 tenet
850 3284 928 3326 usus
944 3262 986 3326 ab
999 3251 1105 3340 annis,

239 3365 346 3439 Quam
362 3365 485 3432 stabilis
499 3366 590 3446 fidei,
603 3366 721 3447 Roma,
734 3367 882 3434 columna
897 3379 997 3435 tenet.

196 3471 336 3559 Luglius
351 3471 436 3538 hanc
451 3473 573 3552 docuit,
585 3472 710 3540 crudeli
719 3485 823 3540 morte
838 3474 1035 3556 Rumoldus,
1072 3479 1136 3544 125

238 3579 343 3645 Plexa
358 3579 517 3666 paternali
530 3580 637 3668 Regia
651 3581 829 3668 Dymphna
842 3605 949 3648 manu.

198 3686 312 3767 Mon0‚
325 3684 527 3768 Mombolus,
539 3687 648 3766 Wiro,
663 3687 866 3770 Vincentius,
879 3689 971 3770 Etto,
