2438 4308
210 910 497 994 PRAEFATIO
525 910 598 994 AD
627 909 923 994 LECTOREM.

483 1175 653 1188 ——n

887 1244 900 1284 Ο

91 1352 234 1418 Laeron
254 1354 422 1434 benevole,
444 1377 485 1420 ne
502 1353 670 1440 prolixiori
688 1356 889 1441 praefatione,
910 1354 968 1422 tui
984 1333 1037 1422 hic

91 1469 247 1532 abuterer
260 1465 428 1550 patientia,
444 1487 535 1529 suam
548 1465 691 1530 materiae
706 1465 840 1532 cuilibet
851 1464 1039 1550 praefatiun-

91 1572 210 1652 culam,
232 1573 276 1636 ad
293 1571 471 1638 faciliorem
486 1594 598 1636 rerum
616 1571 872 1659 intelligentiam,
894 1571 1034 1656 praefixi.

92 1678 268 1744 Scribendi
289 1701 365 1742 vero
389 1677 570 1756 consilium,
597 1681 688 1766 quod
711 1681 846 1758 attinet3
872 1678 961 1744 nulla
983 1703 1037 1746 me

91 1785 256 1850 scribendi
282 1783 466 1862 cacoethes,
491 1798 549 1850 aut
570 1785 674 1850 inanis
696 1784 841 1872 gloriolae
866 1786 1036 1869 captandae

92 1893 302 1970 desiderium,
322 1893 365 1956 ad
380 1893 588 1958 scribendum
602 1893 776 1978 compulit:
800 1894 858 1958 sed
874 1891 963 1956 zelus
979 1915 1037 1976 pa-

91 1999 161 2062 triae
180 2019 264 2062 meae
284 1998 433 2063 comedit.
479 1998 613 2084 Quippe
633 2021 713 2085 gens
733 2011 855 2078 nostra,
879 1996 1037 2082 amplissi-

92 2131 178 2174 mum
208 2107 375 2193 quondam
401 2129 514 2194 regum
542 2105 707 2171 theatrum
736 2107 779 2169 ab
808 2127 893 2169 anno
922 2103 1035 2166 mundi

92 2217 187 2293 2657,
200 2239 268 2301 quo
279 2237 414 2301 regnum
425 2217 612 2301 auspicatus
623 2226 675 2280 est
686 2213 849 2300 Slangius,
862 2213 903 2278 ad
916 2234 1035 2277 annum

94 2323 216 2388 Christi
234 2325 328 2401 1198,
348 2345 413 2408 quo
427 2334 574 2387 mortuus
589 2332 639 2387 est
654 2321 840 2386 Rudericus
860 2318 1035 2383 O’Connor

93 2429 223 2493 ultimus
239 2428 462 2494 Hibernorum
479 2450 540 2492 rex
561 2427 595 2492 in
614 2423 785 2502 Hibernia,
808 2425 852 2489 90
868 2421 1034 2487 absolutos

93 2560 185 2624 reges
202 2559 357 2622 supremo
377 2546 506 2621 sceptro
521 2535 696 2620 insignivit.
741 2531 947 2596 Orthodoxae
962 2531 1036 2596 reli-

92 2645 194 2730 gionis
213 2666 311 2728 quam
331 2653 406 2708 ante
431 2664 532 2708 annos
556 2641 685 2707 circiter
705 2637 791 2704 mille
811 2648 974 2704 trecentos
991 2639 1032 2700 ab

93 2747 242 2814 Ecclesia
256 2744 416 2824 Romania,
439 2768 500 2831 per
520 2746 554 2812 S.
573 2744 748 2811 Patricium
765 2742 949 2829 apostolum
965 2767 1034 2810 sus·
1095 2761 1096 2764 ’

93 2865 234 2940 ceperat,
259 2854 421 2940 perpetuo
448 2853 661 2931 tenacissima,
688 2850 799 2918 oculos
822 2872 990 2937 nunquam
1014 2871 1033 2912 a

92 2963 165 3026 sede
177 2961 271 3026 Petri
281 2959 460 3027 certissime
469 2959 689 3044 navigantium
700 2957 871 3044 cynosura,
883 2957 1031 3022 deflexit.

92 3067 157 3132 Sed
170 3076 285 3132 contra
299 3088 410 3132 omnes
425 3063 686 3150 persecutionum
701 3073 920 3148 tempestates,
943 3062 1033 3128 velut

92 3175 199 3242 laurus
223 3173 355 3240 vulnere
376 3174 550 3252 virescens,
577 3181 702 3238 tantum
724 3171 799 3238 olim
821 3172 855 3236 in
877 3168 1032 3256 religione

93 3283 166 3349 lecit
179 3301 400 3368 progressum,
419 3292 456 3347 ut
471 3279 661 3346 Sanctorum
674 3283 781 3346 imula
796 3278 953 3364 appellari
966 3300 1032 3342 me-

93 3392 202 3469 ruerit,
217 3391 260 3456 de
275 3389 341 3476 quir
354 3387 525 3456 mellifluus
538 3386 665 3454 Doctor
676 3389 709 3454 in
720 3387 787 3453 vita
798 3387 833 3454 S.
846 3386 1031 3462 Malachiae,

94 3522 163 3584 cap.
179 3507 221 3576 5.,
235 3498 282 3564 ita
296 3497 434 3582 scripsit.
495 3497 516 3532 “
535 3494 623 3560 Vere
646 3505 777 3560 sanctus
798 3493 900 3570 locus,
924 3491 1035 3558 fecun-

99 3605 189 3689 dusq.
206 3604 417 3682 Sanctorum
440 3624 502 3669 nec
516 3602 613 3666 modi>
628 3602 662 3664 in
681 3600 834 3686 praefatas
853 3601 959 3666 sedin
979 3620 1036 3662 ex·

98 3722 179 3776 teras
193 3712 290 3776 etiam
305 3712 462 3791 nationes,
479 3710 572 3800 quasi
587 3707 798 3775 inundatione
814 3707 911 3786 facti,
932 3706 986 3771 illa
1002 3728 1037 3770 se
