2438 4308
192 323 237 390 24
575 339 750 388 arrasum.

98 508 107 547 ·'
193 493 326 562 Montes
340 504 374 560 et
388 494 497 572 valles,
514 505 547 560 et
564 492 744 562 Hibernica
757 491 867 560 littora
876 491 972 562 nbati.

192 604 291 671 Nunc
302 607 396 691 juvat
411 603 581 670 Hiberniae
595 603 704 668 rimari
717 604 750 669 in
764 604 889 669 viscera
902 615 1018 684 terrae3
1072 607 1146 672 250

191 711 421 797 Abstrusoque
437 710 510 775 sinu
524 711 667 797 pretiosa
681 710 791 776 videre
803 709 951 790 metalla3
1065 717 1068 723 '

192 820 340 885 Lucroso
355 815 515 884 artificum
530 817 667 902 quaesita
680 815 811 882 metalla
824 815 950 884 labore.

190 928 238 994 Et
252 927 390 1013 lapides,
400 926 601 1012 magniquos
612 926 726 991 dicunt
739 946 812 990 esse
826 923 958 990 valoris.

189 1035 258 1102 Hic
271 1056 409 1100 nervosa
423 1031 509 1099 fodis
523 1034 612 1098 vario
628 1032 806 1118 spectanda
819 1031 928 1098 colore

189 1142 367 1220 Marmora,
381 1163 521 1227 quaeque
536 1138 670 1206 trahunt
678 1140 801 1226 paleas,
816 1139 947 1219 electra,
962 1140 1114 1222 molares,

189 1247 322 1315 Electos
336 1246 474 1333 lapides,
488 1246 651 1312 alabastra
665 1246 828 1326 micantia,
840 1271 983 1334 gemmas
1069 1252 1141 1317 256

188 1356 268 1422 Non
282 1355 548 1422 contemnendas.
585 1353 751 1436 Rubinus,
765 1355 971 1443 chrystallus,
988 1355 1139 1438 achates,

189 1460 357 1528 Caeruleus
373 1460 558 1546 sapphirus,
570 1460 696 1545 smyris,
712 1459 888 1546 viridisque
903 1462 1103 1548 smaragdus.

189 1570 307 1638 Lidius
322 1569 462 1656 argenti,
477 1568 609 1652 verique
624 1567 782 1652 probator
790 1577 823 1633 et
836 1568 919 1649 auri,

188 1677 289 1744 Ferra
299 1676 431 1742 trahens
445 1697 589 1760 magnes,
601 1673 717 1740 iridem
732 1673 815 1760 lapis
831 1674 953 1742 aethere
968 1677 1116 1742 formans

112 1868 114 1877 y
187 1783 411 1853 Inveniuntur.
456 1781 539 1846 Item
554 1780 670 1860 silices,
685 1781 834 1867 salesque
849 1784 974 1863 marini,
1064 1785 1134 1852 261

187 1890 321 1957 Fossilis
336 1900 370 1956 et
384 1911 530 1976 gemmae,
551 1899 585 1954 et
598 1887 743 1976 linguam
758 1891 847 1976 quod
862 1892 979 1978 pungit
992 1891 1136 1970 alumen,

188 1999 275 2066 Aere
285 1999 415 2078 nitrum,
429 1999 535 2064 varios
550 2011 711 2064 servatum
727 2022 846 2066 munus
858 2000 889 2064 in
906 2021 1000 2078 usus3

186 2101 319 2169 Vitrioli
332 2125 434 2189 genus
450 2123 558 2182 omne,
572 2103 649 2168 tetri
663 2126 794 2189 quoque
810 2103 948 2191 sulphur
963 2106 1085 2172 odoris.

186 2211 335 2276 Invenies
348 2209 413 2276 illio
428 2209 509 2287 auri,
525 2210 716 2295 argentique
731 2209 858 2276 fodinas
1062 2215 1130 2280 265

186 2315 274 2390 Quae
288 2313 374 2380 bello
389 2337 505 2380 nervos
524 2315 651 2380 addunt
665 2326 700 2381 et
713 2318 846 2402 regibus
861 2319 940 2386 alas.
1203 2347 1211 2397 ι

112 2486 119 2504 „
186 2423 314 2509 AEsque
325 2424 444 2502 nitens,
460 2432 687 2507 stannumque,
702 2430 737 2487 et
750 2421 858 2489 mollia
872 2446 1010 2512 corpora
1021 2427 1131 2514 plum*-

271 2533 349 2598 bum

186 2635 408 2714 Effodiuntnr,
422 2636 501 2703 item
513 2637 566 2702 vel
580 2637 623 2702 ad
635 2660 731 2704 usum
745 2638 834 2705 ferra
847 2639 997 2720 Gradivi,

185 2743 373 2828 Velplebis‚
387 2754 516 2822 terram,
532 2765 606 2826 quae
616 2766 745 2810 vomere
761 2746 878 2813 scindit
894 2749 1030 2814 adunco.
1093 2797 1101 2830 ,

185 2851 351 2936 Quodque
365 2849 569 2915 metallorum
582 2849 780 2935 reliquorum
794 2852 898 2920 fertur
912 2857 1015 2942 origo,
1062 2857 1129 2924 270

183 2960 369 3045 Argentum
381 2957 487 3022 vivum
500 2956 553 3022 vel
566 2956 779 3045 hydrargirus
795 2972 887 3026 extat
897 2962 931 3028 in
945 2963 1017 3028 imis

183 3068 299 3135 Terrae
313 3065 511 3146 visceribus3
526 3066 653 3151 patiens
667 3090 732 3133 non
746 3067 800 3140 ille
814 3070 953 3154 quietis;

184 3176 351 3262 Perpetuo
363 3175 512 3262 gaudens
522 3185 624 3253 motu,
638 3198 704 3241 non
718 3175 831 3262 figitur
845 3189 924 3244 arte.

225 3283 263 3349 Si
276 3294 333 3348 tua
347 3283 491 3348 membra
503 3282 590 3348 subit
598 3283 799 3367 penetrabile
813 3284 928 3371 frigus,
943 3294 977 3350 et
990 3296 1100 3372 urget,

183 3390 254 3455 Aut
268 3409 396 3456 servare
411 3387 490 3454 velis
505 3399 561 3457 tua
574 3391 683 3477 ligna3
710 3399 761 3454 est
776 3389 894 3457 fossilis
909 3389 973 3456 illic
1060 3391 1127 3458 275

183 3497 292 3563 Carbo
307 3495 470 3582 frequens.
499 3496 652 3564 Carbone
666 3497 779 3584 magis,
789 3496 882 3562 faber
896 3507 988 3564 utere
1001 3521 1116 3566 saxeo.

181 3603 248 3670 Hic
260 3601 361 3668 levitis
370 3603 504 3689 poteria,
512 3601 693 3688 meliusque
708 3601 876 3689 expellere
891 3602 996 3690 frigus

182 3711 379 3798 cespitibus,
394 3730 478 3798 quos
494 3708 572 3791 sola,
585 3721 678 3796 puto,
694 3707 752 3776 dat
766 3707 945 3778 Hibernica
959 3709 1066 3784 tellus.
