<?xml version="1.0" encoding="UTF-8"?>
<!DOCTYPE html PUBLIC "-//W3C//DTD XHTML 1.0 Transitional//EN"
    "http://www.w3.org/TR/xhtml1/DTD/xhtml1-transitional.dtd">
<html xmlns="http://www.w3.org/1999/xhtml" xml:lang="en" lang="en">
 <head>
  <title>
</title>
<meta http-equiv="Content-Type" content="text/html;charset=utf-8" />
  <meta name='ocr-system' content='tesseract 3.04.00' />
  <meta name='ocr-capabilities' content='ocr_page ocr_carea ocr_par ocr_line ocrx_word'/>
</head>
<body>
  <div class='ocr_page' id='page_1' title='image "./historicadescri00daggoog_0027.png"; bbox 0 0 2438 4308; ppageno 0'>
   <div class='ocr_carea' id='block_1_1' title="bbox 129 315 712 390">
    <p class='ocr_par' dir='ltr' id='par_1_1' title="bbox 129 315 712 390">
     <span class='ocr_line' id='line_1_1' title="bbox 129 315 712 390; baseline 0.007 -4"><span class='ocrx_word' id='word_1_1' title='bbox 129 329 132 336; x_wconf 56' lang='lat'><strong>⁴</strong></span> <span class='ocrx_word' id='word_1_2' title='bbox 150 315 193 386; x_wconf 75' lang='lat'>20</span> <span class='ocrx_word' id='word_1_3' title='bbox 533 337 712 390; x_wconf 78' lang='lat' dir='ltr'>ninantur.</span> 
     </span>
    </p>
   </div>
   <div class='ocr_carea' id='block_1_2' title="bbox 106 489 1095 3365">
    <p class='ocr_par' dir='ltr' id='par_1_2' title="bbox 106 489 1095 3365">
     <span class='ocr_line' id='line_1_2' title="bbox 150 489 943 591; baseline 0.006 -32"><span class='ocrx_word' id='word_1_4' title='bbox 150 491 268 560; x_wconf 81' lang='lat' dir='ltr'>Sibilat</span> <span class='ocrx_word' id='word_1_5' title='bbox 282 489 337 559; x_wconf 88' lang='lat' dir='ltr'>hic</span> <span class='ocrx_word' id='word_1_6' title='bbox 353 513 489 580; x_wconf 77' lang='lat' dir='ltr'>serpens</span> <span class='ocrx_word' id='word_1_7' title='bbox 504 495 623 576; x_wconf 89' lang='lat' dir='ltr'>nullus,</span> <span class='ocrx_word' id='word_1_8' title='bbox 639 505 696 562; x_wconf 89' lang='lat' dir='ltr'>aut</span> <span class='ocrx_word' id='word_1_9' title='bbox 709 517 790 562; x_wconf 88' lang='lat' dir='ltr'>rana</span> <span class='ocrx_word' id='word_1_10' title='bbox 804 495 943 591; x_wconf 69' lang='lat' dir='ltr'>coaxat*</span> 
     </span>
     <span class='ocr_line' id='line_1_3' title="bbox 149 601 954 692; baseline 0.004 -24"><span class='ocrx_word' id='word_1_11' title='bbox 149 601 277 668; x_wconf 73' lang='lat' dir='ltr'>Bulovie</span> <span class='ocrx_word' id='word_1_12' title='bbox 292 612 475 684; x_wconf 85' lang='lat' dir='ltr'><strong>ventrosus,</strong></span> <span class='ocrx_word' id='word_1_13' title='bbox 490 605 586 692; x_wconf 82' lang='lat' dir='ltr'>nigro</span> <span class='ocrx_word' id='word_1_14' title='bbox 599 607 699 672; x_wconf 89' lang='lat' dir='ltr'>vomit</span> <span class='ocrx_word' id='word_1_15' title='bbox 713 625 770 670; x_wconf 90' lang='lat' dir='ltr'>ore</span> <span class='ocrx_word' id='word_1_16' title='bbox 785 625 954 683; x_wconf 85' lang='lat' dir='ltr'>venenum,</span> 
     </span>
     <span class='ocr_line' id='line_1_4' title="bbox 147 705 898 792; baseline 0.004 -17"><span class='ocrx_word' id='word_1_17' title='bbox 147 711 203 776; x_wconf 92' lang='lat' dir='ltr'>Ad</span> <span class='ocrx_word' id='word_1_18' title='bbox 219 731 277 776; x_wconf 85' lang='lat' dir='ltr'>nos</span> <span class='ocrx_word' id='word_1_19' title='bbox 291 722 428 778; x_wconf 88' lang='lat' dir='ltr'>externo</span> <span class='ocrx_word' id='word_1_20' title='bbox 442 711 518 778; x_wconf 87' lang='lat' dir='ltr'>licet</span> <span class='ocrx_word' id='word_1_21' title='bbox 532 712 604 779; x_wconf 81' lang='lat' dir='ltr'>haec</span> <span class='ocrx_word' id='word_1_22' title='bbox 619 736 640 779; x_wconf 84' lang='lat' dir='ltr'>a</span> <span class='ocrx_word' id='word_1_23' title='bbox 655 705 898 792; x_wconf 83' lang='lat' dir='ltr'>sole&#39;feranlur,</span> 
     </span>
     <span class='ocr_line' id='line_1_5' title="bbox 145 815 1091 884; baseline 0.004 -4"><span class='ocrx_word' id='word_1_24' title='bbox 145 815 300 882; x_wconf 80' lang='lat' dir='ltr'>Protinus</span> <span class='ocrx_word' id='word_1_25' title='bbox 314 818 478 884; x_wconf 85' lang='lat' dir='ltr'>intereunt</span> <span class='ocrx_word' id='word_1_26' title='bbox 491 830 611 884; x_wconf 82' lang='lat' dir='ltr'>nostrae</span> <span class='ocrx_word' id='word_1_27' title='bbox 625 817 749 884; x_wconf 85' lang='lat' dir='ltr'>telluris</span> <span class='ocrx_word' id='word_1_28' title='bbox 764 819 885 884; x_wconf 88' lang='lat' dir='ltr'>odore:</span> <span class='ocrx_word' id='word_1_29' title='bbox 1025 815 1091 884; x_wconf 85' lang='lat'>135</span> 
     </span>
     <span class='ocr_line' id='line_1_6' title="bbox 149 921 1005 1011; baseline 0.002 -23"><span class='ocrx_word' id='word_1_30' title='bbox 149 923 218 989; x_wconf 86' lang='lat' dir='ltr'>Ore</span> <span class='ocrx_word' id='word_1_31' title='bbox 232 945 298 989; x_wconf 90' lang='lat' dir='ltr'>uno</span> <span class='ocrx_word' id='word_1_32' title='bbox 312 921 467 991; x_wconf 86' lang='lat' dir='ltr'>exhalant</span> <span class='ocrx_word' id='word_1_33' title='bbox 482 925 686 1011; x_wconf 89' lang='lat' dir='ltr'>animamque</span> <span class='ocrx_word' id='word_1_34' title='bbox 701 935 735 991; x_wconf 86' lang='lat' dir='ltr'>et</span> <span class='ocrx_word' id='word_1_35' title='bbox 749 925 882 992; x_wconf 86' lang='lat' dir='ltr'>toxicon</span> <span class='ocrx_word' id='word_1_36' title='bbox 899 945 1005 1002; x_wconf 87' lang='lat' dir='ltr'>omne,</span> 
     </span>
     <span class='ocr_line' id='line_1_7' title="bbox 148 1031 910 1120; baseline 0.003 -24"><span class='ocrx_word' id='word_1_37' title='bbox 148 1031 343 1110; x_wconf 76' lang='lat' dir='ltr'>Patrioiiris</span> <span class='ocrx_word' id='word_1_38' title='bbox 359 1041 449 1099; x_wconf 85' lang='lat' dir='ltr'>tanta</span> <span class='ocrx_word' id='word_1_39' title='bbox 463 1053 596 1119; x_wconf 90' lang='lat' dir='ltr'>precum</span> <span class='ocrx_word' id='word_1_40' title='bbox 610 1033 753 1120; x_wconf 86' lang='lat' dir='ltr'>fideique</span> <span class='ocrx_word' id='word_1_41' title='bbox 768 1032 910 1120; x_wconf 84' lang='lat' dir='ltr'>patroni.</span> 
     </span>
     <span class='ocr_line' id='line_1_8' title="bbox 191 1134 987 1217; baseline -0.003 -15"><span class='ocrx_word' id='word_1_42' title='bbox 191 1135 358 1204; x_wconf 83' lang='lat' dir='ltr'>S&#39;acratam</span> <span class='ocrx_word' id='word_1_43' title='bbox 373 1137 488 1217; x_wconf 88' lang='lat' dir='ltr'>Paulo,</span> <span class='ocrx_word' id='word_1_44' title='bbox 503 1160 590 1204; x_wconf 92' lang='lat' dir='ltr'>nunc</span> <span class='ocrx_word' id='word_1_45' title='bbox 605 1159 641 1205; x_wconf 90' lang='lat' dir='ltr'>se</span> <span class='ocrx_word' id='word_1_46' title='bbox 656 1138 740 1204; x_wconf 89' lang='lat' dir='ltr'>ferat</span> <span class='ocrx_word' id='word_1_47' title='bbox 754 1137 859 1202; x_wconf 89' lang='lat' dir='ltr'>insula</span> <span class='ocrx_word' id='word_1_48' title='bbox 874 1134 987 1216; x_wconf 84' lang='lat' dir='ltr'>Crete,</span> 
     </span>
     <span class='ocr_line' id='line_1_9' title="bbox 148 1243 899 1330; baseline 0 -22"><span class='ocrx_word' id='word_1_49' title='bbox 148 1243 239 1308; x_wconf 86' lang='lat' dir='ltr'>Exul</span> <span class='ocrx_word' id='word_1_50' title='bbox 253 1244 300 1309; x_wconf 94' lang='lat' dir='ltr'>ibi</span> <span class='ocrx_word' id='word_1_51' title='bbox 314 1243 402 1310; x_wconf 89' lang='lat' dir='ltr'>solus</span> <span class='ocrx_word' id='word_1_52' title='bbox 418 1265 572 1330; x_wconf 86' lang='lat' dir='ltr'>serpens:</span> <span class='ocrx_word' id='word_1_53' title='bbox 595 1243 744 1310; x_wconf 88' lang='lat' dir='ltr'>animalia</span> <span class='ocrx_word' id='word_1_54' title='bbox 758 1265 899 1329; x_wconf 88' lang='lat' dir='ltr'>quaeque</span> 
     </span>
     <span class='ocr_line' id='line_1_10' title="bbox 147 1343 1095 1414; baseline -0.003 -2"><span class='ocrx_word' id='word_1_55' title='bbox 147 1349 259 1414; x_wconf 88' lang='lat' dir='ltr'>Noxia</span> <span class='ocrx_word' id='word_1_56' title='bbox 272 1369 338 1413; x_wconf 92' lang='lat' dir='ltr'>non</span> <span class='ocrx_word' id='word_1_57' title='bbox 353 1347 469 1412; x_wconf 86' lang='lat' dir='ltr'>suffert</span> <span class='ocrx_word' id='word_1_58' title='bbox 484 1346 656 1413; x_wconf 81' lang='lat' dir='ltr'>Hibernia.</span> <span class='ocrx_word' id='word_1_59' title='bbox 700 1346 801 1412; x_wconf 88' lang='lat' dir='ltr'>Prata</span> <span class='ocrx_word' id='word_1_60' title='bbox 814 1345 943 1411; x_wconf 79' lang='lat' dir='ltr'>vadosis</span> <span class='ocrx_word' id='word_1_61' title='bbox 1030 1343 1095 1410; x_wconf 81' lang='lat'>140</span> 
     </span>
     <span class='ocr_line' id='line_1_11' title="bbox 147 1449 1037 1520; baseline -0.004 0"><span class='ocrx_word' id='word_1_62' title='bbox 147 1449 349 1520; x_wconf 83' lang='lat' dir='ltr'>Fluminibus</span> <span class='ocrx_word' id='word_1_63' title='bbox 365 1453 518 1520; x_wconf 86' lang='lat' dir='ltr'>distincta</span> <span class='ocrx_word' id='word_1_64' title='bbox 532 1453 644 1520; x_wconf 81' lang='lat' dir='ltr'>vides:</span> <span class='ocrx_word' id='word_1_65' title='bbox 665 1451 719 1518; x_wconf 90' lang='lat' dir='ltr'>his</span> <span class='ocrx_word' id='word_1_66' title='bbox 734 1451 878 1518; x_wconf 83' lang='lat' dir='ltr'>Naiadas</span> <span class='ocrx_word' id='word_1_67' title='bbox 894 1452 929 1516; x_wconf 92' lang='lat' dir='ltr'>in</span> <span class='ocrx_word' id='word_1_68' title='bbox 940 1450 1037 1517; x_wconf 87' lang='lat' dir='ltr'>undis</span> 
     </span>
     <span class='ocr_line' id='line_1_12' title="bbox 147 1559 1085 1648; baseline -0.004 -22"><span class='ocrx_word' id='word_1_69' title='bbox 147 1561 328 1648; x_wconf 82' lang='lat' dir='ltr'>Turbaque</span> <span class='ocrx_word' id='word_1_70' title='bbox 343 1559 569 1648; x_wconf 80' lang='lat' dir='ltr'>nympharum,</span> <span class='ocrx_word' id='word_1_71' title='bbox 584 1559 783 1647; x_wconf 84' lang='lat' dir='ltr'>lymphatica</span> <span class='ocrx_word' id='word_1_72' title='bbox 796 1559 940 1638; x_wconf 88' lang='lat' dir='ltr'>numina,</span> <span class='ocrx_word' id='word_1_73' title='bbox 955 1567 1085 1624; x_wconf 85' lang='lat' dir='ltr'>certant</span> 
     </span>
     <span class='ocr_line' id='line_1_13' title="bbox 149 1667 917 1756; baseline -0.004 -20"><span class='ocrx_word' id='word_1_74' title='bbox 149 1669 328 1750; x_wconf 76' lang='lat' dir='ltr'>concentu,</span> <span class='ocrx_word' id='word_1_75' title='bbox 343 1670 493 1756; x_wconf 83' lang='lat' dir='ltr'>saltuque</span> <span class='ocrx_word' id='word_1_76' title='bbox 507 1671 590 1755; x_wconf 90' lang='lat' dir='ltr'>pari,</span> <span class='ocrx_word' id='word_1_77' title='bbox 604 1667 753 1753; x_wconf 84' lang='lat' dir='ltr'>laetisque</span> <span class='ocrx_word' id='word_1_78' title='bbox 768 1667 917 1734; x_wconf 86' lang='lat' dir='ltr'>choraeis.</span> 
     </span>
     <span class='ocr_line' id='line_1_14' title="bbox 106 1768 825 1862; baseline -0.003 -22"><span class='ocrx_word' id='word_1_79' title='bbox 106 1768 109 1773; x_wconf 65' lang='grc'><strong>’</strong></span> <span class='ocrx_word' id='word_1_80' title='bbox 191 1775 228 1840; x_wconf 90' lang='lat' dir='ltr'>Si</span> <span class='ocrx_word' id='word_1_81' title='bbox 242 1785 298 1842; x_wconf 83' lang='lat' dir='ltr'>rua</span> <span class='ocrx_word' id='word_1_82' title='bbox 312 1775 465 1843; x_wconf 69' lang='lat' dir='ltr'>fluminei</span> <span class='ocrx_word' id='word_1_83' title='bbox 478 1777 615 1862; x_wconf 85' lang='lat' dir='ltr'>vestigia</span> <span class='ocrx_word' id='word_1_84' title='bbox 629 1775 703 1860; x_wconf 87' lang='lat' dir='ltr'>figis</span> <span class='ocrx_word' id='word_1_85' title='bbox 714 1773 825 1852; x_wconf 77' lang='lat' dir='ltr'>arena,</span> 
     </span>
     <span class='ocr_line' id='line_1_15' title="bbox 149 1877 941 1968; baseline 0.003 -24"><span class='ocrx_word' id='word_1_86' title='bbox 149 1877 264 1947; x_wconf 84' lang='lat' dir='ltr'>Cernis</span> <span class='ocrx_word' id='word_1_87' title='bbox 279 1883 452 1968; x_wconf 79' lang='lat' dir='ltr'>perspicuo</span> <span class='ocrx_word' id='word_1_88' title='bbox 468 1881 573 1967; x_wconf 88' lang='lat' dir='ltr'>sylvas</span> <span class='ocrx_word' id='word_1_89' title='bbox 589 1882 741 1948; x_wconf 89' lang='lat' dir='ltr'>frondere</span> <span class='ocrx_word' id='word_1_90' title='bbox 758 1882 821 1947; x_wconf 91' lang='lat' dir='ltr'>sub</span> <span class='ocrx_word' id='word_1_91' title='bbox 837 1903 941 1960; x_wconf 90' lang='lat' dir='ltr'>amne,</span> 
     </span>
     <span class='ocr_line' id='line_1_16' title="bbox 149 1987 933 2077; baseline 0.003 -25"><span class='ocrx_word' id='word_1_92' title='bbox 149 1987 299 2056; x_wconf 89' lang='lat' dir='ltr'>Errantis</span> <span class='ocrx_word' id='word_1_93' title='bbox 314 1992 438 2056; x_wconf 88' lang='lat' dir='ltr'>umbrae</span> <span class='ocrx_word' id='word_1_94' title='bbox 454 1990 604 2076; x_wconf 87' lang='lat' dir='ltr'>effigiem,</span> <span class='ocrx_word' id='word_1_95' title='bbox 619 1990 824 2077; x_wconf 83' lang='lat' dir='ltr'>virgultaque</span> <span class='ocrx_word' id='word_1_96' title='bbox 838 1989 933 2054; x_wconf 88' lang='lat' dir='ltr'>motis</span> 
     </span>
     <span class='ocr_line' id='line_1_17' title="bbox 147 2097 1049 2189; baseline 0.001 -24"><span class='ocrx_word' id='word_1_97' title='bbox 147 2097 326 2168; x_wconf 90' lang='lat' dir='ltr'>Intremere</span> <span class='ocrx_word' id='word_1_98' title='bbox 341 2103 532 2182; x_wconf 82' lang='lat' dir='ltr'>arboribus3</span> <span class='ocrx_word' id='word_1_99' title='bbox 554 2103 680 2188; x_wconf 86' lang='lat' dir='ltr'>lapides</span> <span class='ocrx_word' id='word_1_100' title='bbox 698 2103 871 2189; x_wconf 84' lang='lat' dir='ltr'>splendore</span> <span class='ocrx_word' id='word_1_101' title='bbox 882 2101 1049 2179; x_wconf 86' lang='lat' dir='ltr'>videntur,</span> 
     </span>
     <span class='ocr_line' id='line_1_18' title="bbox 148 2208 990 2298; baseline 0.002 -24"><span class='ocrx_word' id='word_1_102' title='bbox 148 2208 197 2274; x_wconf 90' lang='lat' dir='ltr'>Et</span> <span class='ocrx_word' id='word_1_103' title='bbox 210 2211 311 2278; x_wconf 85' lang='lat' dir='ltr'>niveae</span> <span class='ocrx_word' id='word_1_104' title='bbox 327 2221 488 2298; x_wconf 83' lang='lat' dir='ltr'>apparent</span> <span class='ocrx_word' id='word_1_105' title='bbox 501 2211 604 2276; x_wconf 88' lang='lat' dir='ltr'>vitreo</span> <span class='ocrx_word' id='word_1_106' title='bbox 621 2212 684 2278; x_wconf 88' lang='lat' dir='ltr'>sub</span> <span class='ocrx_word' id='word_1_107' title='bbox 699 2213 828 2298; x_wconf 85' lang='lat' dir='ltr'>gurgite</span> <span class='ocrx_word' id='word_1_108' title='bbox 844 2209 990 2288; x_wconf 86' lang='lat' dir='ltr'>conchae,</span> 
     </span>
     <span class='ocr_line' id='line_1_19' title="bbox 148 2315 1021 2404; baseline -0.007 -18"><span class='ocrx_word' id='word_1_109' title='bbox 148 2317 194 2386; x_wconf 88' lang='lat' dir='ltr'>Et</span> <span class='ocrx_word' id='word_1_110' title='bbox 208 2318 340 2404; x_wconf 86' lang='lat' dir='ltr'>gemmis</span> <span class='ocrx_word' id='word_1_111' title='bbox 355 2317 502 2402; x_wconf 88' lang='lat' dir='ltr'>gaudent</span> <span class='ocrx_word' id='word_1_112' title='bbox 517 2316 776 2403; x_wconf 85' lang='lat' dir='ltr'>splendentibus,</span> <span class='ocrx_word' id='word_1_113' title='bbox 791 2327 889 2403; x_wconf 87' lang='lat' dir='ltr'>atque</span> <span class='ocrx_word' id='word_1_114' title='bbox 904 2315 1021 2402; x_wconf 92' lang='lat' dir='ltr'>lapillis</span> 
     </span>
     <span class='ocr_line' id='line_1_20' title="bbox 148 2421 1095 2512; baseline -0.005 -21"><span class='ocrx_word' id='word_1_115' title='bbox 148 2424 322 2492; x_wconf 85' lang='lat' dir='ltr'>Artificum</span> <span class='ocrx_word' id='word_1_116' title='bbox 336 2447 418 2512; x_wconf 89' lang='lat' dir='ltr'>quos</span> <span class='ocrx_word' id='word_1_117' title='bbox 433 2424 530 2490; x_wconf 85' lang='lat' dir='ltr'>docta</span> <span class='ocrx_word' id='word_1_118' title='bbox 545 2447 662 2490; x_wconf 89' lang='lat' dir='ltr'>manus</span> <span class='ocrx_word' id='word_1_119' title='bbox 674 2423 827 2510; x_wconf 85' lang='lat' dir='ltr'>perpulit,</span> <span class='ocrx_word' id='word_1_120' title='bbox 843 2435 877 2490; x_wconf 85' lang='lat' dir='ltr'>et</span> <span class='ocrx_word' id='word_1_121' title='bbox 890 2433 984 2489; x_wconf 87' lang='lat' dir='ltr'>ornat</span> <span class='ocrx_word' id='word_1_122' title='bbox 1030 2421 1095 2487; x_wconf 85' lang='lat'>150</span> 
     </span>
     <span class='ocr_line' id='line_1_21' title="bbox 148 2528 989 2618; baseline -0.008 -17"><span class='ocrx_word' id='word_1_123' title='bbox 148 2531 232 2601; x_wconf 87' lang='lat' dir='ltr'>Arte</span> <span class='ocrx_word' id='word_1_124' title='bbox 248 2532 319 2611; x_wconf 73' lang='lat' dir='ltr'>suia,</span> <span class='ocrx_word' id='word_1_125' title='bbox 334 2553 517 2618; x_wconf 86' lang='lat' dir='ltr'>nomenque</span> <span class='ocrx_word' id='word_1_126' title='bbox 531 2531 623 2596; x_wconf 87' lang='lat' dir='ltr'>addit</span> <span class='ocrx_word' id='word_1_127' title='bbox 638 2531 842 2616; x_wconf 86' lang='lat' dir='ltr'>pretiumque</span> <span class='ocrx_word' id='word_1_128' title='bbox 856 2528 989 2594; x_wconf 65' lang='lat' dir='ltr'>laboris,</span> 
     </span>
     <span class='ocr_line' id='line_1_22' title="bbox 190 2637 1008 2724; baseline -0.006 -18"><span class='ocrx_word' id='word_1_129' title='bbox 190 2640 346 2724; x_wconf 85' lang='lat' dir='ltr'>Aptaque</span> <span class='ocrx_word' id='word_1_130' title='bbox 361 2640 496 2724; x_wconf 89' lang='lat' dir='ltr'>navigiis</span> <span class='ocrx_word' id='word_1_131' title='bbox 511 2649 586 2702; x_wconf 88' lang='lat' dir='ltr'>sunt</span> <span class='ocrx_word' id='word_1_132' title='bbox 600 2637 743 2717; x_wconf 88' lang='lat' dir='ltr'>flumina,</span> <span class='ocrx_word' id='word_1_133' title='bbox 759 2660 856 2704; x_wconf 88' lang='lat' dir='ltr'>cerne</span> <span class='ocrx_word' id='word_1_134' title='bbox 871 2639 1008 2714; x_wconf 87' lang='lat' dir='ltr'>carinas,</span> 
     </span>
     <span class='ocr_line' id='line_1_23' title="bbox 148 2745 1047 2834; baseline 0 -22"><span class='ocrx_word' id='word_1_135' title='bbox 148 2745 359 2831; x_wconf 88' lang='lat' dir='ltr'>Limbosque,</span> <span class='ocrx_word' id='word_1_136' title='bbox 375 2745 590 2832; x_wconf 81' lang='lat' dir='ltr'>scaphaeque,</span> <span class='ocrx_word' id='word_1_137' title='bbox 606 2757 640 2812; x_wconf 90' lang='lat' dir='ltr'>et</span> <span class='ocrx_word' id='word_1_138' title='bbox 653 2747 752 2834; x_wconf 86' lang='lat' dir='ltr'>longo</span> <span class='ocrx_word' id='word_1_139' title='bbox 766 2759 878 2814; x_wconf 88' lang='lat' dir='ltr'>ventre</span> <span class='ocrx_word' id='word_1_140' title='bbox 892 2746 1047 2834; x_wconf 86' lang='lat' dir='ltr'>phaselos</span> 
     </span>
     <span class='ocr_line' id='line_1_24' title="bbox 149 2852 955 2930; baseline 0.001 -10"><span class='ocrx_word' id='word_1_141' title='bbox 149 2857 243 2930; x_wconf 82' lang='lat' dir='ltr'>Quos</span> <span class='ocrx_word' id='word_1_142' title='bbox 254 2852 374 2919; x_wconf 87' lang='lat' dir='ltr'>tollunt</span> <span class='ocrx_word' id='word_1_143' title='bbox 388 2865 496 2918; x_wconf 87' lang='lat' dir='ltr'>nautae</span> <span class='ocrx_word' id='word_1_144' title='bbox 510 2853 611 2920; x_wconf 88' lang='lat' dir='ltr'>multo</span> <span class='ocrx_word' id='word_1_145' title='bbox 625 2855 764 2922; x_wconf 87' lang='lat' dir='ltr'>stridore</span> <span class='ocrx_word' id='word_1_146' title='bbox 779 2856 955 2924; x_wconf 86' lang='lat' dir='ltr'>rudentum</span> 
     </span>
     <span class='ocr_line' id='line_1_25' title="bbox 147 2957 1093 3046; baseline -0.006 -19"><span class='ocrx_word' id='word_1_147' title='bbox 147 2960 189 3027; x_wconf 91' lang='lat' dir='ltr'>In</span> <span class='ocrx_word' id='word_1_148' title='bbox 204 2983 239 3026; x_wconf 87' lang='lat' dir='ltr'>se</span> <span class='ocrx_word' id='word_1_149' title='bbox 250 2961 411 3046; x_wconf 88' lang='lat' dir='ltr'>jactantes</span> <span class='ocrx_word' id='word_1_150' title='bbox 427 2979 538 3046; x_wconf 83' lang='lat' dir='ltr'>pravae</span> <span class='ocrx_word' id='word_1_151' title='bbox 555 2960 693 3025; x_wconf 89' lang='lat' dir='ltr'>convitia</span> <span class='ocrx_word' id='word_1_152' title='bbox 707 2958 837 3046; x_wconf 85' lang='lat' dir='ltr'>linguae.</span> <span class='ocrx_word' id='word_1_153' title='bbox 1029 2957 1093 3022; x_wconf 86' lang='lat'>155</span> 
     </span>
     <span class='ocr_line' id='line_1_26' title="bbox 149 3061 928 3150; baseline 0.004 -21"><span class='ocrx_word' id='word_1_154' title='bbox 149 3061 211 3130; x_wconf 91' lang='lat' dir='ltr'>Ille</span> <span class='ocrx_word' id='word_1_155' title='bbox 226 3076 328 3131; x_wconf 90' lang='lat' dir='ltr'>ratem</span> <span class='ocrx_word' id='word_1_156' title='bbox 343 3074 440 3130; x_wconf 89' lang='lat' dir='ltr'>conto</span> <span class='ocrx_word' id='word_1_157' title='bbox 455 3062 588 3150; x_wconf 86' lang='lat' dir='ltr'>subigit,</span> <span class='ocrx_word' id='word_1_158' title='bbox 603 3063 680 3130; x_wconf 90' lang='lat' dir='ltr'>dum</span> <span class='ocrx_word' id='word_1_159' title='bbox 695 3065 828 3132; x_wconf 89' lang='lat' dir='ltr'>funibus</span> <span class='ocrx_word' id='word_1_160' title='bbox 844 3063 928 3132; x_wconf 88' lang='lat' dir='ltr'>alter</span> 
     </span>
     <span class='ocr_line' id='line_1_27' title="bbox 149 3170 933 3239; baseline -0.001 -1"><span class='ocrx_word' id='word_1_161' title='bbox 149 3171 277 3239; x_wconf 87' lang='lat' dir='ltr'>Nititur</span> <span class='ocrx_word' id='word_1_162' title='bbox 291 3171 428 3238; x_wconf 84' lang='lat' dir='ltr'>adverso</span> <span class='ocrx_word' id='word_1_163' title='bbox 444 3194 571 3237; x_wconf 89' lang='lat' dir='ltr'>sursum</span> <span class='ocrx_word' id='word_1_164' title='bbox 587 3173 806 3238; x_wconf 86' lang='lat' dir='ltr'>conscendere</span> <span class='ocrx_word' id='word_1_165' title='bbox 821 3170 933 3237; x_wconf 86' lang='lat' dir='ltr'>fluctu.</span> 
     </span>
     <span class='ocr_line' id='line_1_28' title="bbox 190 3277 1067 3365; baseline -0.007 -19"><span class='ocrx_word' id='word_1_166' title='bbox 190 3281 282 3355; x_wconf 83' lang='lat' dir='ltr'>Quid</span> <span class='ocrx_word' id='word_1_167' title='bbox 298 3281 402 3346; x_wconf 89' lang='lat' dir='ltr'>dicam</span> <span class='ocrx_word' id='word_1_168' title='bbox 417 3281 614 3358; x_wconf 88' lang='lat' dir='ltr'>innumeros,</span> <span class='ocrx_word' id='word_1_169' title='bbox 629 3281 779 3346; x_wconf 88' lang='lat' dir='ltr'>examina</span> <span class='ocrx_word' id='word_1_170' title='bbox 793 3279 919 3345; x_wconf 90' lang='lat' dir='ltr'>lubrica</span> <span class='ocrx_word' id='word_1_171' title='bbox 934 3277 1067 3365; x_wconf 70' lang='lat' dir='ltr'>pisces?</span> 
     </span>
    </p>
   </div>
   <div class='ocr_carea' id='block_1_3' title="bbox 147 3497 1090 3749">
    <p class='ocr_par' dir='ltr' id='par_1_3' title="bbox 147 3497 1090 3749">
     <span class='ocr_line' id='line_1_29' title="bbox 201 3497 1090 3567; baseline 0.008 -20"><span class='ocrx_word' id='word_1_172' title='bbox 201 3498 217 3529; x_wconf 69' lang='lat'><em>⁶</em></span> <span class='ocrx_word' id='word_1_173' title='bbox 230 3498 254 3549; x_wconf 88' lang='lat' dir='ltr'>It</span> <span class='ocrx_word' id='word_1_174' title='bbox 271 3497 293 3546; x_wconf 86' lang='lat' dir='ltr'>is</span> <span class='ocrx_word' id='word_1_175' title='bbox 311 3497 366 3548; x_wconf 85' lang='lat' dir='ltr'>well</span> <span class='ocrx_word' id='word_1_176' title='bbox 377 3499 463 3548; x_wconf 82' lang='lat' dir='ltr'>known</span> <span class='ocrx_word' id='word_1_177' title='bbox 483 3499 542 3549; x_wconf 80' lang='lat' dir='ltr'>from</span> <span class='ocrx_word' id='word_1_178' title='bbox 554 3499 654 3567; x_wconf 78' lang='lat' dir='ltr'>history,</span> <span class='ocrx_word' id='word_1_179' title='bbox 671 3500 725 3550; x_wconf 84' lang='lat' dir='ltr'>that</span> <span class='ocrx_word' id='word_1_180' title='bbox 742 3500 806 3567; x_wconf 81' lang='lat' dir='ltr'>lrogs</span> <span class='ocrx_word' id='word_1_181' title='bbox 817 3516 878 3552; x_wconf 76' lang='lat' dir='ltr'>were</span> <span class='ocrx_word' id='word_1_182' title='bbox 897 3509 939 3550; x_wconf 84' lang='lat' dir='ltr'>not</span> <span class='ocrx_word' id='word_1_183' title='bbox 955 3500 981 3551; x_wconf 88' lang='lat' dir='ltr'>in</span> <span class='ocrx_word' id='word_1_184' title='bbox 991 3501 1090 3554; x_wconf 82' lang='lat' dir='ltr'>Ireland</span> 
     </span>
     <span class='ocr_line' id='line_1_30' title="bbox 147 3585 1090 3664; baseline 0.007 -24"><span class='ocrx_word' id='word_1_185' title='bbox 147 3587 228 3640; x_wconf 82' lang='lat' dir='ltr'>before</span> <span class='ocrx_word' id='word_1_186' title='bbox 238 3587 278 3637; x_wconf 80' lang='lat' dir='ltr'>tha</span> <span class='ocrx_word' id='word_1_187' title='bbox 290 3585 373 3636; x_wconf 83' lang='lat' dir='ltr'>arrival</span> <span class='ocrx_word' id='word_1_188' title='bbox 382 3589 409 3638; x_wconf 83' lang='lat' dir='ltr'>ot</span> <span class='ocrx_word' id='word_1_189' title='bbox 415 3587 522 3638; x_wconf 85' lang='lat' dir='ltr'>William</span> <span class='ocrx_word' id='word_1_190' title='bbox 533 3587 620 3640; x_wconf 81' lang='lat' dir='ltr'>Priore</span> <span class='ocrx_word' id='word_1_191' title='bbox 631 3589 658 3638; x_wconf 85' lang='lat' dir='ltr'>ot</span> <span class='ocrx_word' id='word_1_192' title='bbox 667 3590 777 3656; x_wconf 83' lang='lat' dir='ltr'>orange:</span> <span class='ocrx_word' id='word_1_193' title='bbox 790 3591 846 3659; x_wconf 80' lang='lat' dir='ltr'>they</span> <span class='ocrx_word' id='word_1_194' title='bbox 854 3607 921 3644; x_wconf 82' lang='lat' dir='ltr'>earne</span> <span class='ocrx_word' id='word_1_195' title='bbox 932 3591 957 3644; x_wconf 85' lang='lat' dir='ltr'>io</span> <span class='ocrx_word' id='word_1_196' title='bbox 970 3592 1010 3646; x_wconf 86' lang='lat' dir='ltr'>the</span> <span class='ocrx_word' id='word_1_197' title='bbox 1020 3593 1090 3664; x_wconf 81' lang='lat' dir='ltr'>ships</span> 
     </span>
     <span class='ocr_line' id='line_1_31' title="bbox 149 3677 787 3749; baseline 0.006 -21"><span class='ocrx_word' id='word_1_198' title='bbox 149 3677 226 3728; x_wconf 71' lang='lat' dir='ltr'>which</span> <span class='ocrx_word' id='word_1_199' title='bbox 237 3677 358 3746; x_wconf 77' lang='lat' dir='ltr'>conreyed</span> <span class='ocrx_word' id='word_1_200' title='bbox 368 3677 409 3730; x_wconf 86' lang='lat' dir='ltr'>the</span> <span class='ocrx_word' id='word_1_201' title='bbox 418 3678 501 3729; x_wconf 84' lang='lat' dir='ltr'>Dutch</span> <span class='ocrx_word' id='word_1_202' title='bbox 511 3687 588 3749; x_wconf 85' lang='lat' dir='ltr'>troops</span> <span class='ocrx_word' id='word_1_203' title='bbox 599 3679 658 3731; x_wconf 84' lang='lat' dir='ltr'>irum</span> <span class='ocrx_word' id='word_1_204' title='bbox 673 3681 787 3736; x_wconf 85' lang='lat' dir='ltr'>Hailand.</span> 
     </span>
    </p>
   </div>
   <div class='ocr_carea' id='block_1_4' title="bbox 0 0 1225 4308">
    <p class='ocr_par' dir='ltr' id='par_1_4' title="bbox 0 0 1225 4308">
     <span class='ocr_line' id='line_1_32' title="bbox 0 0 1225 4308; baseline 0 0"><span class='ocrx_word' id='word_1_205' title='bbox 0 0 1225 4308; x_wconf 95' lang='lat' dir='ltr'> </span> 
     </span>
    </p>
   </div>
  </div>
 </body>
</html>
