<?xml version="1.0" encoding="UTF-8"?>
<!DOCTYPE html PUBLIC "-//W3C//DTD XHTML 1.0 Transitional//EN"
    "http://www.w3.org/TR/xhtml1/DTD/xhtml1-transitional.dtd">
<html xmlns="http://www.w3.org/1999/xhtml" xml:lang="en" lang="en">
 <head>
  <title>
</title>
<meta http-equiv="Content-Type" content="text/html;charset=utf-8" />
  <meta name='ocr-system' content='tesseract 3.04.00' />
  <meta name='ocr-capabilities' content='ocr_page ocr_carea ocr_par ocr_line ocrx_word'/>
</head>
<body>
  <div class='ocr_page' id='page_1' title='image "./historicadescri00daggoog_0086.png"; bbox 0 0 2438 4308; ppageno 0'>
   <div class='ocr_carea' id='block_1_1' title="bbox 492 269 1054 340">
    <p class='ocr_par' dir='ltr' id='par_1_1' title="bbox 492 269 1054 340">
     <span class='ocr_line' id='line_1_1' title="bbox 492 269 1054 340; baseline -0.009 -1"><span class='ocrx_word' id='word_1_1' title='bbox 492 289 669 340; x_wconf 74' lang='lat' dir='ltr'>areanum.</span> <span class='ocrx_word' id='word_1_2' title='bbox 1012 269 1054 334; x_wconf 84' lang='grc'>79</span> 
     </span>
    </p>
   </div>
   <div class='ocr_carea' id='block_1_2' title="bbox 110 438 1056 1280">
    <p class='ocr_par' dir='ltr' id='par_1_2' title="bbox 110 438 1055 961">
     <span class='ocr_line' id='line_1_2' title="bbox 110 438 1053 530; baseline 0.006 -28"><span class='ocrx_word' id='word_1_3' title='bbox 110 438 233 506; x_wconf 66' lang='lat' dir='ltr'>Etiam</span> <span class='ocrx_word' id='word_1_4' title='bbox 247 439 395 528; x_wconf 79' lang='lat' dir='ltr'>AEgypto</span> <span class='ocrx_word' id='word_1_5' title='bbox 410 443 499 530; x_wconf 81' lang='lat' dir='ltr'>priiu</span> <span class='ocrx_word' id='word_1_6' title='bbox 521 464 638 512; x_wconf 82' lang='lat' dir='ltr'>nomen</span> <span class='ocrx_word' id='word_1_7' title='bbox 656 444 767 524; x_wconf 85' lang='lat' dir='ltr'>fuisse,</span> <span class='ocrx_word' id='word_1_8' title='bbox 790 444 874 512; x_wconf 86' lang='lat' dir='ltr'>siout</span> <span class='ocrx_word' id='word_1_9' title='bbox 892 441 1053 510; x_wconf 73' lang='lat' dir='ltr'>stereus</span> 
     </span>
     <span class='ocr_line' id='line_1_3' title="bbox 111 541 1053 626; baseline 0.006 -18"><span class='ocrx_word' id='word_1_10' title='bbox 111 541 239 620; x_wconf 85' lang='lat' dir='ltr'>insulae,</span> <span class='ocrx_word' id='word_1_11' title='bbox 269 555 389 626; x_wconf 83' lang='lat' dir='ltr'>notat3</span> <span class='ocrx_word' id='word_1_12' title='bbox 421 549 474 614; x_wconf 88' lang='lat' dir='ltr'>cui</span> <span class='ocrx_word' id='word_1_13' title='bbox 502 560 536 616; x_wconf 89' lang='lat' dir='ltr'>et</span> <span class='ocrx_word' id='word_1_14' title='bbox 560 549 643 616; x_wconf 90' lang='lat' dir='ltr'>illud</span> <span class='ocrx_word' id='word_1_15' title='bbox 671 549 840 616; x_wconf 77' lang='lat' dir='ltr'>Hibernis</span> <span class='ocrx_word' id='word_1_16' title='bbox 863 549 985 618; x_wconf 89' lang='lat' dir='ltr'>donum</span> <span class='ocrx_word' id='word_1_17' title='bbox 1009 549 1053 614; x_wconf 88' lang='lat' dir='ltr'>de</span> 
     </span>
     <span class='ocr_line' id='line_1_4' title="bbox 111 654 1055 747; baseline 0.011 -31"><span class='ocrx_word' id='word_1_18' title='bbox 111 654 285 720; x_wconf 85' lang='lat' dir='ltr'>venenosis</span> <span class='ocrx_word' id='word_1_19' title='bbox 308 657 497 734; x_wconf 72' lang='lat' dir='ltr'>animalibus</span> <span class='ocrx_word' id='word_1_20' title='bbox 522 659 689 747; x_wconf 76' lang='lat' dir='ltr'>ejiciendis</span> <span class='ocrx_word' id='word_1_21' title='bbox 715 681 894 740; x_wconf 89' lang='lat' dir='ltr'>commune,</span> <span class='ocrx_word' id='word_1_22' title='bbox 922 670 959 725; x_wconf 83' lang='lat' dir='ltr'>ut</span> <span class='ocrx_word' id='word_1_23' title='bbox 982 660 1055 745; x_wconf 86' lang='lat' dir='ltr'>ipsa</span> 
     </span>
     <span class='ocr_line' id='line_1_5' title="bbox 113 763 1055 854; baseline 0.012 -30"><span class='ocrx_word' id='word_1_24' title='bbox 113 770 256 828; x_wconf 85' lang='lat' dir='ltr'>testatur</span> <span class='ocrx_word' id='word_1_25' title='bbox 274 763 437 833; x_wconf 76' lang='lat' dir='ltr'>Hibernia</span> <span class='ocrx_word' id='word_1_26' title='bbox 456 765 499 832; x_wconf 85' lang='lat' dir='ltr'>de</span> <span class='ocrx_word' id='word_1_27' title='bbox 522 787 558 835; x_wconf 84' lang='lat' dir='ltr'>se</span> <span class='ocrx_word' id='word_1_28' title='bbox 578 765 716 852; x_wconf 88' lang='lat' dir='ltr'>loquens</span> <span class='ocrx_word' id='word_1_29' title='bbox 739 767 830 854; x_wconf 83' lang='lat' dir='ltr'>apud</span> <span class='ocrx_word' id='word_1_30' title='bbox 850 763 1055 834; x_wconf 79' lang='lat' dir='ltr'>Hadrianum</span> 
     </span>
     <span class='ocr_line' id='line_1_6' title="bbox 113 868 826 961; baseline 0.008 -27"><span class='ocrx_word' id='word_1_31' title='bbox 113 868 257 950; x_wconf 68' lang='lat' dir='ltr'>Juruam,</span> <span class='ocrx_word' id='word_1_32' title='bbox 272 872 418 938; x_wconf 84' lang='lat' dir='ltr'>versibus</span> <span class='ocrx_word' id='word_1_33' title='bbox 432 873 537 942; x_wconf 86' lang='lat' dir='ltr'>allatis</span> <span class='ocrx_word' id='word_1_34' title='bbox 553 897 663 961; x_wconf 86' lang='lat' dir='ltr'>supra,</span> <span class='ocrx_word' id='word_1_35' title='bbox 681 897 757 961; x_wconf 82' lang='lat' dir='ltr'>pag.</span> <span class='ocrx_word' id='word_1_36' title='bbox 775 875 826 941; x_wconf 80' lang='lat' dir='ltr'>cl.</span> 
     </span>
    </p>

    <p class='ocr_par' dir='ltr' id='par_1_3' title="bbox 113 978 1056 1280">
     <span class='ocr_line' id='line_1_7' title="bbox 180 978 1056 1070; baseline 0.006 -27"><span class='ocrx_word' id='word_1_37' title='bbox 180 980 212 1043; x_wconf 81' lang='lat'>7.</span> <span class='ocrx_word' id='word_1_38' title='bbox 235 978 367 1050; x_wconf 85' lang='lat' dir='ltr'>Dicitur</span> <span class='ocrx_word' id='word_1_39' title='bbox 381 979 494 1054; x_wconf 77' lang='lat' dir='ltr'>Insula</span> <span class='ocrx_word' id='word_1_40' title='bbox 505 981 624 1062; x_wconf 63' lang='lat' dir='ltr'>limfis,</span> <span class='ocrx_word' id='word_1_41' title='bbox 639 981 738 1068; x_wconf 81' lang='lat' dir='ltr'>vulgo</span> <span class='ocrx_word' id='word_1_42' title='bbox 747 982 882 1070; x_wconf 75' lang='lat' dir='ltr'>Ioirsuil</span> <span class='ocrx_word' id='word_1_43' title='bbox 890 1005 909 1056; x_wconf 80' lang='lat' dir='ltr'>a</span> <span class='ocrx_word' id='word_1_44' title='bbox 919 984 1056 1053; x_wconf 76' lang='lat' dir='ltr'>Dauno-</span> 
     </span>
     <span class='ocr_line' id='line_1_8' title="bbox 113 1086 1054 1176; baseline 0.005 -27"><span class='ocrx_word' id='word_1_45' title='bbox 113 1108 228 1158; x_wconf 72' lang='lat' dir='ltr'>mm</span> <span class='ocrx_word' id='word_1_46' title='bbox 241 1086 333 1156; x_wconf 85' lang='lat' dir='ltr'>fatali</span> <span class='ocrx_word' id='word_1_47' title='bbox 346 1110 437 1170; x_wconf 82' lang='lat' dir='ltr'>saxo,</span> <span class='ocrx_word' id='word_1_48' title='bbox 451 1089 541 1176; x_wconf 88' lang='lat' dir='ltr'>quod</span> <span class='ocrx_word' id='word_1_49' title='bbox 555 1090 613 1159; x_wconf 88' lang='lat' dir='ltr'>diu</span> <span class='ocrx_word' id='word_1_50' title='bbox 626 1089 661 1156; x_wconf 90' lang='lat' dir='ltr'>in</span> <span class='ocrx_word' id='word_1_51' title='bbox 674 1088 835 1156; x_wconf 80' lang='lat' dir='ltr'>Hibernia</span> <span class='ocrx_word' id='word_1_52' title='bbox 845 1099 1054 1166; x_wconf 75' lang='lat' dir='ltr'>assumtum,</span> 
     </span>
     <span class='ocr_line' id='line_1_9' title="bbox 114 1193 1054 1280; baseline 0.005 -22"><span class='ocrx_word' id='word_1_53' title='bbox 114 1205 151 1258; x_wconf 86' lang='lat' dir='ltr'>et</span> <span class='ocrx_word' id='word_1_54' title='bbox 170 1194 207 1262; x_wconf 91' lang='lat' dir='ltr'>in</span> <span class='ocrx_word' id='word_1_55' title='bbox 223 1193 346 1280; x_wconf 81' lang='lat' dir='ltr'>Anglia</span> <span class='ocrx_word' id='word_1_56' title='bbox 366 1195 401 1264; x_wconf 84' lang='lat' dir='ltr'>in</span> <span class='ocrx_word' id='word_1_57' title='bbox 420 1196 648 1267; x_wconf 79' lang='lat' dir='ltr'>coronationis</span> <span class='ocrx_word' id='word_1_58' title='bbox 669 1196 788 1266; x_wconf 77' lang='lat' dir='ltr'>throno</span> <span class='ocrx_word' id='word_1_59' title='bbox 809 1195 971 1266; x_wconf 86' lang='lat' dir='ltr'>inclusum</span> <span class='ocrx_word' id='word_1_60' title='bbox 992 1209 1054 1264; x_wconf 85' lang='lat' dir='ltr'>est.</span> 
     </span>
    </p>
   </div>
   <div class='ocr_carea' id='block_1_3' title="bbox 4 1302 1057 1484">
    <p class='ocr_par' dir='ltr' id='par_1_4' title="bbox 4 1302 1057 1484">
     <span class='ocr_line' id='line_1_10' title="bbox 4 1302 1057 1478; baseline -0.01 -98"><span class='ocrx_word' id='word_1_61' title='bbox 4 1377 5 1380; x_wconf 74' lang='grc'>,</span> <span class='ocrx_word' id='word_1_62' title='bbox 116 1302 187 1478; x_wconf 48' lang='lat' dir='ltr'>See?</span> <span class='ocrx_word' id='word_1_63' title='bbox 205 1303 384 1373; x_wconf 73' lang='lat' dir='ltr'>mirabilem</span> <span class='ocrx_word' id='word_1_64' title='bbox 401 1305 500 1392; x_wconf 88' lang='lat' dir='ltr'>hujus</span> <span class='ocrx_word' id='word_1_65' title='bbox 522 1305 628 1374; x_wconf 69' lang='lat' dir='ltr'>samis</span> <span class='ocrx_word' id='word_1_66' title='bbox 650 1305 768 1392; x_wconf 85' lang='lat' dir='ltr'>lapidis</span> <span class='ocrx_word' id='word_1_67' title='bbox 789 1304 958 1374; x_wconf 86' lang='lat' dir='ltr'>historiam</span> <span class='ocrx_word' id='word_1_68' title='bbox 980 1303 1057 1370; x_wconf 86' lang='lat' dir='ltr'>alibi</span> 
     </span>
     <span class='ocr_line' id='line_1_11' title="bbox 4 1431 306 1484; baseline -0.02 0"><span class='ocrx_word' id='word_1_69' title='bbox 4 1469 5 1484; x_wconf 64' lang='grc'>,</span> <span class='ocrx_word' id='word_1_70' title='bbox 108 1433 132 1476; x_wconf 88' lang='lat' dir='ltr'>·r</span> <span class='ocrx_word' id='word_1_71' title='bbox 166 1431 306 1479; x_wconf 76' lang='lat' dir='ltr'>eremus.</span> 
     </span>
    </p>
   </div>
   <div class='ocr_carea' id='block_1_4' title="bbox 115 1519 1058 1716">
    <p class='ocr_par' dir='ltr' id='par_1_5' title="bbox 115 1519 1058 1716">
     <span class='ocr_line' id='line_1_12' title="bbox 183 1519 1057 1611; baseline 0.002 -25"><span class='ocrx_word' id='word_1_72' title='bbox 183 1521 215 1586; x_wconf 88' lang='lat'>8.</span> <span class='ocrx_word' id='word_1_73' title='bbox 239 1519 435 1590; x_wconf 79' lang='lat' dir='ltr'>Muchnesis</span> <span class='ocrx_word' id='word_1_74' title='bbox 454 1544 475 1590; x_wconf 84' lang='lat' dir='ltr'>o</span> <span class='ocrx_word' id='word_1_75' title='bbox 497 1519 678 1592; x_wconf 75' lang='lat' dir='ltr'>Milerisnis</span> <span class='ocrx_word' id='word_1_76' title='bbox 703 1524 809 1611; x_wconf 83' lang='lat' dir='ltr'>(cujus</span> <span class='ocrx_word' id='word_1_77' title='bbox 831 1521 1057 1609; x_wconf 69' lang='lat' dir='ltr'>etymologiam</span> 
     </span>
     <span class='ocr_line' id='line_1_13' title="bbox 115 1627 1058 1716; baseline -0.002 -20"><span class='ocrx_word' id='word_1_78' title='bbox 115 1647 185 1696; x_wconf 84' lang='lat' dir='ltr'>non</span> <span class='ocrx_word' id='word_1_79' title='bbox 199 1627 371 1712; x_wconf 85' lang='lat' dir='ltr'>assequor)</span> <span class='ocrx_word' id='word_1_80' title='bbox 391 1629 469 1696; x_wconf 89' lang='lat' dir='ltr'>dum</span> <span class='ocrx_word' id='word_1_81' title='bbox 491 1629 599 1698; x_wconf 88' lang='lat' dir='ltr'>adhuc</span> <span class='ocrx_word' id='word_1_82' title='bbox 621 1629 656 1696; x_wconf 92' lang='lat' dir='ltr'>in</span> <span class='ocrx_word' id='word_1_83' title='bbox 674 1636 852 1716; x_wconf 85' lang='lat' dir='ltr'>conspectu</span> <span class='ocrx_word' id='word_1_84' title='bbox 866 1641 988 1707; x_wconf 84' lang='lat' dir='ltr'>essent,</span> <span class='ocrx_word' id='word_1_85' title='bbox 1002 1651 1058 1694; x_wconf 88' lang='lat' dir='ltr'>vo-</span> 
     </span>
    </p>
   </div>
   <div class='ocr_carea' id='block_1_5' title="bbox 114 1733 1054 1926">
    <p class='ocr_par' dir='ltr' id='par_1_6' title="bbox 114 1733 1054 1926">
     <span class='ocr_line' id='line_1_14' title="bbox 115 1733 1054 1823; baseline 0.002 -23"><span class='ocrx_word' id='word_1_86' title='bbox 115 1742 192 1800; x_wconf 83' lang='lat' dir='ltr'>cata</span> <span class='ocrx_word' id='word_1_87' title='bbox 206 1744 268 1812; x_wconf 88' lang='lat' dir='ltr'>est,</span> <span class='ocrx_word' id='word_1_88' title='bbox 283 1744 320 1799; x_wconf 89' lang='lat' dir='ltr'>ut</span> <span class='ocrx_word' id='word_1_89' title='bbox 334 1733 605 1804; x_wconf 81' lang='lat' dir='ltr'>fecemntAEnes</span> <span class='ocrx_word' id='word_1_90' title='bbox 617 1736 697 1805; x_wconf 85' lang='lat' dir='ltr'>sccii</span> <span class='ocrx_word' id='word_1_91' title='bbox 707 1736 742 1802; x_wconf 92' lang='lat' dir='ltr'>in</span> <span class='ocrx_word' id='word_1_92' title='bbox 752 1747 929 1823; x_wconf 84' lang='lat' dir='ltr'>conspectu</span> <span class='ocrx_word' id='word_1_93' title='bbox 939 1734 1054 1815; x_wconf 81' lang='lat' dir='ltr'>Italiae,</span> 
     </span>
     <span class='ocr_line' id='line_1_15' title="bbox 114 1839 325 1926; baseline 0.009 -20"><span class='ocrx_word' id='word_1_94' title='bbox 114 1862 162 1906; x_wconf 85' lang='lat' dir='ltr'>ex</span> <span class='ocrx_word' id='word_1_95' title='bbox 175 1839 325 1926; x_wconf 82' lang='lat' dir='ltr'>Virgilio.</span> 
     </span>
    </p>
   </div>
   <div class='ocr_carea' id='block_1_6' title="bbox 162 1966 1014 2057">
    <p class='ocr_par' dir='ltr' id='par_1_7' title="bbox 162 1966 1014 2057">
     <span class='ocr_line' id='line_1_16' title="bbox 162 1966 1014 2057; baseline 0.007 -25"><span class='ocrx_word' id='word_1_96' title='bbox 162 1972 185 2003; x_wconf 92' lang='grc'><strong>“</strong></span> <span class='ocrx_word' id='word_1_97' title='bbox 199 1966 337 2048; x_wconf 87' lang='lat' dir='ltr'>Italiam,</span> <span class='ocrx_word' id='word_1_98' title='bbox 353 1967 490 2050; x_wconf 83' lang='lat' dir='ltr'>Italiam,</span> <span class='ocrx_word' id='word_1_99' title='bbox 506 1970 630 2057; x_wconf 89' lang='lat' dir='ltr'>primus</span> <span class='ocrx_word' id='word_1_100' title='bbox 645 1968 824 2037; x_wconf 83' lang='lat' dir='ltr'>conclamat</span> <span class='ocrx_word' id='word_1_101' title='bbox 838 1970 1014 2040; x_wconf 86' lang='lat' dir='ltr'>Achates.”</span> 
     </span>
    </p>
   </div>
   <div class='ocr_carea' id='block_1_7' title="bbox 115 2095 1061 3240">
    <p class='ocr_par' dir='ltr' id='par_1_8' title="bbox 115 2095 1057 2398">
     <span class='ocr_line' id='line_1_17' title="bbox 181 2095 1057 2186; baseline 0.007 -26"><span class='ocrx_word' id='word_1_102' title='bbox 181 2097 213 2162; x_wconf 87' lang='lat'>9.</span> <span class='ocrx_word' id='word_1_103' title='bbox 237 2095 369 2163; x_wconf 86' lang='lat' dir='ltr'>Dicitur</span> <span class='ocrx_word' id='word_1_104' title='bbox 395 2097 519 2178; x_wconf 79' lang='lat' dir='ltr'>Scotic,</span> <span class='ocrx_word' id='word_1_105' title='bbox 548 2097 637 2184; x_wconf 91' lang='lat' dir='ltr'>quod</span> <span class='ocrx_word' id='word_1_106' title='bbox 661 2120 780 2166; x_wconf 90' lang='lat' dir='ltr'>nomen</span> <span class='ocrx_word' id='word_1_107' title='bbox 805 2099 848 2164; x_wconf 95' lang='lat' dir='ltr'>ob</span> <span class='ocrx_word' id='word_1_108' title='bbox 873 2099 1057 2186; x_wconf 81' lang='lat' dir='ltr'>specialem,</span> 
     </span>
     <span class='ocr_line' id='line_1_18' title="bbox 115 2202 1055 2292; baseline 0 -24"><span class='ocrx_word' id='word_1_109' title='bbox 115 2226 216 2290; x_wconf 87' lang='lat' dir='ltr'>quam</span> <span class='ocrx_word' id='word_1_110' title='bbox 229 2202 353 2289; x_wconf 85' lang='lat' dir='ltr'>potitur</span> <span class='ocrx_word' id='word_1_111' title='bbox 368 2205 618 2272; x_wconf 82' lang='lat' dir='ltr'>controversiam</span> <span class='ocrx_word' id='word_1_112' title='bbox 640 2202 683 2270; x_wconf 87' lang='lat' dir='ltr'>sd</span> <span class='ocrx_word' id='word_1_113' title='bbox 703 2203 802 2272; x_wconf 85' lang='lat' dir='ltr'>finem</span> <span class='ocrx_word' id='word_1_114' title='bbox 815 2203 915 2290; x_wconf 88' lang='lat' dir='ltr'>hujus</span> <span class='ocrx_word' id='word_1_115' title='bbox 931 2205 1055 2292; x_wconf 84' lang='lat' dir='ltr'>Capitis</span> 
     </span>
     <span class='ocr_line' id='line_1_19' title="bbox 117 2310 542 2398; baseline 0.005 -22"><span class='ocrx_word' id='word_1_116' title='bbox 117 2311 162 2376; x_wconf 86' lang='lat' dir='ltr'>od</span> <span class='ocrx_word' id='word_1_117' title='bbox 175 2310 307 2398; x_wconf 88' lang='lat' dir='ltr'>longum</span> <span class='ocrx_word' id='word_1_118' title='bbox 322 2312 542 2378; x_wconf 85' lang='lat' dir='ltr'>discutiemus.</span> 
     </span>
    </p>

    <p class='ocr_par' dir='ltr' id='par_1_9' title="bbox 115 2417 1061 3240">
     <span class='ocr_line' id='line_1_20' title="bbox 186 2417 1058 2504; baseline -0.005 -18"><span class='ocrx_word' id='word_1_119' title='bbox 186 2427 235 2486; x_wconf 91' lang='lat'>10.</span> <span class='ocrx_word' id='word_1_120' title='bbox 257 2419 406 2486; x_wconf 86' lang='lat' dir='ltr'>Vocatur</span> <span class='ocrx_word' id='word_1_121' title='bbox 417 2421 560 2501; x_wconf 77' lang='lat' dir='ltr'>Ibernio,</span> <span class='ocrx_word' id='word_1_122' title='bbox 570 2422 613 2486; x_wconf 85' lang='lat' dir='ltr'>ab</span> <span class='ocrx_word' id='word_1_123' title='bbox 625 2418 722 2486; x_wconf 89' lang='lat' dir='ltr'>Ibero</span> <span class='ocrx_word' id='word_1_124' title='bbox 733 2417 864 2485; x_wconf 89' lang='lat' dir='ltr'>flumine</span> <span class='ocrx_word' id='word_1_125' title='bbox 876 2417 1058 2504; x_wconf 78' lang='lat' dir='ltr'>Hispaniae,</span> 
     </span>
     <span class='ocr_line' id='line_1_21' title="bbox 116 2525 1059 2615; baseline -0.007 -18"><span class='ocrx_word' id='word_1_126' title='bbox 116 2531 205 2597; x_wconf 84' lang='lat' dir='ltr'>circa</span> <span class='ocrx_word' id='word_1_127' title='bbox 216 2551 313 2615; x_wconf 90' lang='lat' dir='ltr'>quem</span> <span class='ocrx_word' id='word_1_128' title='bbox 326 2527 473 2613; x_wconf 88' lang='lat' dir='ltr'>Majores</span> <span class='ocrx_word' id='word_1_129' title='bbox 487 2528 590 2594; x_wconf 86' lang='lat' dir='ltr'>nostri</span> <span class='ocrx_word' id='word_1_130' title='bbox 604 2527 661 2592; x_wconf 91' lang='lat' dir='ltr'>diu</span> <span class='ocrx_word' id='word_1_131' title='bbox 676 2526 863 2593; x_wconf 84' lang='lat' dir='ltr'>commorati</span> <span class='ocrx_word' id='word_1_132' title='bbox 877 2536 973 2605; x_wconf 83' lang='lat' dir='ltr'>sunt3</span> <span class='ocrx_word' id='word_1_133' title='bbox 995 2525 1059 2591; x_wconf 87' lang='lat' dir='ltr'>hoe</span> 
     </span>
     <span class='ocr_line' id='line_1_22' title="bbox 116 2629 1059 2712; baseline -0.005 -9"><span class='ocrx_word' id='word_1_134' title='bbox 116 2660 235 2703; x_wconf 89' lang='lat' dir='ltr'>nomen</span> <span class='ocrx_word' id='word_1_135' title='bbox 260 2636 358 2702; x_wconf 90' lang='lat' dir='ltr'>hodie</span> <span class='ocrx_word' id='word_1_136' title='bbox 384 2657 557 2701; x_wconf 86' lang='lat' dir='ltr'>commune</span> <span class='ocrx_word' id='word_1_137' title='bbox 579 2646 642 2712; x_wconf 88' lang='lat' dir='ltr'>est,</span> <span class='ocrx_word' id='word_1_138' title='bbox 668 2643 702 2700; x_wconf 90' lang='lat' dir='ltr'>et</span> <span class='ocrx_word' id='word_1_139' title='bbox 724 2629 878 2698; x_wconf 82' lang='lat' dir='ltr'>familiare</span> <span class='ocrx_word' id='word_1_140' title='bbox 901 2631 964 2698; x_wconf 82' lang='lat' dir='ltr'>lirit</span> <span class='ocrx_word' id='word_1_141' title='bbox 984 2631 1059 2698; x_wconf 90' lang='lat' dir='ltr'>olim</span> 
     </span>
     <span class='ocr_line' id='line_1_23' title="bbox 120 2737 1060 2824; baseline -0.006 -12"><span class='ocrx_word' id='word_1_142' title='bbox 120 2745 256 2823; x_wconf 69' lang='lat' dir='ltr'>Casan,</span> <span class='ocrx_word' id='word_1_143' title='bbox 282 2741 403 2821; x_wconf 82' lang='lat' dir='ltr'>Plinio,</span> <span class='ocrx_word' id='word_1_144' title='bbox 432 2741 553 2824; x_wconf 83' lang='lat' dir='ltr'>Solino,</span> <span class='ocrx_word' id='word_1_145' title='bbox 581 2741 706 2819; x_wconf 74' lang='lat' dir='ltr'>Tacito,</span> <span class='ocrx_word' id='word_1_146' title='bbox 735 2739 864 2820; x_wconf 79' lang='lat' dir='ltr'>Orosio,</span> <span class='ocrx_word' id='word_1_147' title='bbox 883 2743 941 2806; x_wconf 76' lang='grc' dir='ltr'><strong><em>διο.</em></strong></span> <span class='ocrx_word' id='word_1_148' title='bbox 992 2737 1060 2806; x_wconf 89' lang='lat' dir='ltr'>Sed</span> 
     </span>
     <span class='ocr_line' id='line_1_24' title="bbox 116 2847 1061 2938; baseline -0.003 -21"><span class='ocrx_word' id='word_1_149' title='bbox 116 2874 187 2938; x_wconf 84' lang='lat' dir='ltr'>prae</span> <span class='ocrx_word' id='word_1_150' title='bbox 202 2851 427 2916; x_wconf 88' lang='lat' dir='ltr'>Librariorum</span> <span class='ocrx_word' id='word_1_151' title='bbox 440 2847 566 2915; x_wconf 69' lang='lat' dir='ltr'>incurii</span> <span class='ocrx_word' id='word_1_152' title='bbox 579 2847 761 2915; x_wconf 74' lang='lat' dir='ltr'>dimaniose</span> <span class='ocrx_word' id='word_1_153' title='bbox 772 2848 913 2915; x_wconf 88' lang='lat' dir='ltr'>arbitror</span> <span class='ocrx_word' id='word_1_154' title='bbox 924 2870 1061 2934; x_wconf 87' lang='lat' dir='ltr'>sequen·</span> 
     </span>
     <span class='ocr_line' id='line_1_25' title="bbox 115 2951 1059 3037; baseline -0.006 -11"><span class='ocrx_word' id='word_1_155' title='bbox 115 2961 161 3026; x_wconf 88' lang='lat' dir='ltr'>tia</span> <span class='ocrx_word' id='word_1_156' title='bbox 175 2959 322 3037; x_wconf 81' lang='lat' dir='ltr'>nomina3</span> <span class='ocrx_word' id='word_1_157' title='bbox 345 2969 393 3036; x_wconf 90' lang='lat' dir='ltr'>ut,</span> <span class='ocrx_word' id='word_1_158' title='bbox 411 2957 562 3035; x_wconf 84' lang='lat' dir='ltr'>Ooernia,</span> <span class='ocrx_word' id='word_1_159' title='bbox 583 2955 710 3035; x_wconf 79' lang='lat' dir='ltr'>Verria,</span> <span class='ocrx_word' id='word_1_160' title='bbox 725 2951 858 3036; x_wconf 78' lang='lat' dir='ltr'>Beroia,</span> <span class='ocrx_word' id='word_1_161' title='bbox 873 2958 1059 3033; x_wconf 73' lang='lat' dir='ltr'>ffiberione,</span> 
     </span>
     <span class='ocr_line' id='line_1_26' title="bbox 117 3063 1060 3148; baseline -0.003 -17"><span class='ocrx_word' id='word_1_162' title='bbox 117 3065 273 3143; x_wconf 78' lang='lat' dir='ltr'>Hiberia,</span> <span class='ocrx_word' id='word_1_163' title='bbox 301 3065 425 3144; x_wconf 71' lang='lat' dir='ltr'>Iberia,</span> <span class='ocrx_word' id='word_1_164' title='bbox 453 3073 487 3130; x_wconf 89' lang='lat' dir='ltr'>et</span> <span class='ocrx_word' id='word_1_165' title='bbox 507 3063 694 3148; x_wconf 70' lang='lat' dir='ltr'>Hybernic,</span> <span class='ocrx_word' id='word_1_166' title='bbox 721 3065 806 3130; x_wconf 88' lang='lat' dir='ltr'>siout</span> <span class='ocrx_word' id='word_1_167' title='bbox 830 3063 977 3130; x_wconf 82' lang='lat' dir='ltr'>Juverna</span> <span class='ocrx_word' id='word_1_168' title='bbox 995 3063 1060 3129; x_wconf 77' lang='lat' dir='ltr'>Ju-</span> 
     </span>
     <span class='ocr_line' id='line_1_27' title="bbox 116 3171 324 3240; baseline -0.024 1"><span class='ocrx_word' id='word_1_169' title='bbox 116 3171 223 3240; x_wconf 83' lang='lat' dir='ltr'>venali</span> <span class='ocrx_word' id='word_1_170' title='bbox 236 3173 324 3237; x_wconf 86' lang='lat' dir='ltr'>dicta</span> 
     </span>
    </p>
   </div>
   <div class='ocr_carea' id='block_1_8' title="bbox 248 3296 884 3491">
    <p class='ocr_par' dir='ltr' id='par_1_10' title="bbox 248 3296 884 3491">
     <span class='ocr_line' id='line_1_28' title="bbox 549 3296 884 3384; baseline -0.006 -20"><span class='ocrx_word' id='word_1_171' title='bbox 549 3302 571 3333; x_wconf 91' lang='lat'><strong>“</strong></span> <span class='ocrx_word' id='word_1_172' title='bbox 587 3298 690 3364; x_wconf 89' lang='lat' dir='ltr'>Arma</span> <span class='ocrx_word' id='word_1_173' title='bbox 704 3299 784 3384; x_wconf 92' lang='lat' dir='ltr'>quid</span> <span class='ocrx_word' id='word_1_174' title='bbox 798 3296 884 3363; x_wconf 82' lang='lat' dir='ltr'>ultra</span> 
     </span>
     <span class='ocr_line' id='line_1_29' title="bbox 248 3404 822 3491; baseline -0.005 -18"><span class='ocrx_word' id='word_1_175' title='bbox 248 3409 378 3474; x_wconf 84' lang='lat' dir='ltr'>Littoro</span> <span class='ocrx_word' id='word_1_176' title='bbox 392 3407 545 3471; x_wconf 83' lang='lat' dir='ltr'>Juvernae</span> <span class='ocrx_word' id='word_1_177' title='bbox 561 3406 779 3491; x_wconf 88' lang='lat' dir='ltr'>promovimus</span> <span class='ocrx_word' id='word_1_178' title='bbox 790 3404 822 3470; x_wconf 79' lang='lat' dir='ltr'>l’&#39;</span> 
     </span>
    </p>
   </div>
   <div class='ocr_carea' id='block_1_9' title="bbox 113 3533 916 3748">
    <p class='ocr_par' dir='ltr' id='par_1_11' title="bbox 113 3533 916 3748">
     <span class='ocr_line' id='line_1_30' title="bbox 113 3533 505 3604; baseline -0.013 0"><span class='ocrx_word' id='word_1_179' title='bbox 113 3540 198 3604; x_wconf 90' lang='lat' dir='ltr'>Item</span> <span class='ocrx_word' id='word_1_180' title='bbox 212 3537 309 3602; x_wconf 82' lang='lat' dir='ltr'>Ierne</span> <span class='ocrx_word' id='word_1_181' title='bbox 325 3533 505 3602; x_wconf 85' lang='lat' dir='ltr'>Claudiano</span> 
     </span>
     <span class='ocr_line' id='line_1_31' title="bbox 204 3658 916 3748; baseline 0 -18"><span class='ocrx_word' id='word_1_182' title='bbox 204 3664 377 3730; x_wconf 85' lang='lat' dir='ltr'>Scotorum</span> <span class='ocrx_word' id='word_1_183' title='bbox 390 3661 480 3730; x_wconf 83' lang='lat' dir='ltr'>flevit</span> <span class='ocrx_word' id='word_1_184' title='bbox 494 3660 639 3728; x_wconf 88' lang='lat' dir='ltr'>cumulos</span> <span class='ocrx_word' id='word_1_185' title='bbox 653 3658 797 3748; x_wconf 78' lang='lat' dir='ltr'>glacialis</span> <span class='ocrx_word' id='word_1_186' title='bbox 812 3660 916 3730; x_wconf 86' lang='lat' dir='ltr'>Ieroe.</span> 
     </span>
    </p>
   </div>
   <div class='ocr_carea' id='block_1_10' title="bbox 187 3786 1060 3873">
    <p class='ocr_par' dir='ltr' id='par_1_12' title="bbox 187 3786 1060 3873">
     <span class='ocr_line' id='line_1_32' title="bbox 187 3786 1060 3873; baseline 0 -17"><span class='ocrx_word' id='word_1_187' title='bbox 187 3793 237 3857; x_wconf 91' lang='lat' dir='ltr'>ll.</span> <span class='ocrx_word' id='word_1_188' title='bbox 261 3790 446 3866; x_wconf 83' lang='lat' dir='ltr'>Germanis,</span> <span class='ocrx_word' id='word_1_189' title='bbox 469 3786 597 3873; x_wconf 81' lang='lat' dir='ltr'>Anglir,</span> <span class='ocrx_word' id='word_1_190' title='bbox 620 3786 753 3854; x_wconf 86' lang='lat' dir='ltr'>Batavis</span> <span class='ocrx_word' id='word_1_191' title='bbox 774 3799 809 3854; x_wconf 91' lang='lat' dir='ltr'>et</span> <span class='ocrx_word' id='word_1_192' title='bbox 831 3788 900 3854; x_wconf 88' lang='lat' dir='ltr'>aliis</span> <span class='ocrx_word' id='word_1_193' title='bbox 918 3790 1060 3870; x_wconf 80' lang='lat' dir='ltr'>Irlandiu</span> 
     </span>
    </p>
   </div>
   <div class='ocr_carea' id='block_1_11' title="bbox 0 0 1234 4308">
    <p class='ocr_par' dir='ltr' id='par_1_13' title="bbox 0 0 1234 4308">
     <span class='ocr_line' id='line_1_33' title="bbox 0 0 1234 4308; baseline 0 0"><span class='ocrx_word' id='word_1_194' title='bbox 0 0 1234 4308; x_wconf 95' lang='lat' dir='ltr'> </span> 
     </span>
    </p>
   </div>
  </div>
 </body>
</html>
