2412 4292
495 371 673 418 mannum.
995 355 1059 422 225

111 525 196 606 trice,
209 533 244 591 et
268 524 395 590 Woroeo
409 523 574 612 Antiqua:
586 526 767 604 Hiberaioe,
781 548 809 592 c.
828 527 860 603 8,
878 525 1053 592 derivatur.

112 633 263 718 Quisque
277 654 295 698 e
307 631 438 718 reliquis
453 631 581 698 familioe
594 633 784 698 Candidatis
792 633 903 722 Rtogt
913 635 1058 700 Dltomlt-

108 765 151 807 aa
173 741 281 805 dictus
301 749 375 818 est;
398 737 487 824 quod
512 749 564 804 est
584 740 676 824 regia
704 741 873 820 materics3
904 739 1056 806 nimirum

109 848 264 913 materies
290 858 367 932 apta
387 848 428 912 ad
444 846 662 931 recipiendam
679 845 815 933 Regiam
830 848 965 913 formam
987 871 1055 913 suae

109 955 249 1022 familia.
267 954 302 1021 Si
313 977 391 1020 vero
404 953 515 1019 liberae
530 965 587 1018 aut
601 955 797 1020 mechanicae
812 958 891 1022 artis
905 957 1054 1022 alumnus

109 1065 223 1141 fuerit,
248 1063 384 1128 Adlzbar
405 1060 541 1138 tantdm,
561 1061 650 1145 qnod
664 1063 829 1128 materiem
844 1065 940 1128 etiam
957 1064 1058 1128 deno·

111 1184 171 1249 tat,
185 1181 340 1248 vocatur3
364 1169 485 1254 quippe
500 1169 651 1233 materies
666 1169 835 1254 disposita,
860 1180 897 1235 ut
909 1169 967 1250 ¹tali
980 1192 1057 1255 pro-

112 1280 257 1344 fessione
271 1277 478 1342 informetur.

178 1390 348 1476 Siquidem
370 1399 437 1454 tres
460 1399 554 1454 erant
573 1387 647 1453 olim
662 1387 695 1452 in
710 1387 772 1454 hac
788 1388 956 1474 republica
969 1391 1057 1458 ordi·

113 1519 194 1564 nes:
215 1519 300 1562 unus
322 1517 447 1580 regum,
470 1494 551 1558 alius
566 1491 730 1559 Druidum
745 1504 779 1559 et
792 1494 1003 1576 literatorum,
1019 1519 1058 1564 ac

113 1606 229 1674 tertius
244 1602 398 1689 opificum
412 1611 446 1667 et
459 1601 662 1687 plebeiorum
679 1627 687 1679 ς
709 1612 744 1666 et
767 1602 800 1665 in
822 1602 955 1688 singulis
971 1605 1059 1670 ordi-

113 1715 211 1779 nibus
238 1721 366 1796 septem
392 1709 514 1795 gradus
540 1719 574 1774 et
603 1709 789 1794 dignitates,
821 1711 887 1774 suis
916 1731 1057 1798 quaeque

115 1818 380 1906 obligationibus,
404 1827 437 1881 et
454 1815 706 1879 immunitatibus
730 1816 896 1882 ordinatae.
943 1817 1058 1886 Poste·

114 1927 235 1990 riorum
247 1923 396 1988 ordinum
405 1921 541 2006 quisque
557 1920 590 1983 in
602 1917 661 1982 sud
670 1931 739 1985 arte
750 1921 918 2006 professor
930 1924 1058 1991 Ollomlr

114 2022 259 2077 vocatur.

178 2113 351 2201 Evangelii
374 2134 502 2199 quoque
526 2125 602 2196 post
616 2111 723 2198 legem
745 2114 938 2200 amplexam,
962 2117 1057 2184 sicuti

115 2221 309 2297 Monarcha,
334 2228 367 2282 et
389 2217 515 2283 Primas
539 2220 572 2282 in
594 2229 663 2282 toto
685 2241 799 2304 regno,
824 2233 857 2302 et
872 2219 1057 2289 Pentarcha

115 2350 189 2393 cum
206 2325 463 2415 Archiepiscopo
477 2324 511 2388 in
528 2321 673 2408 quilibet
688 2323 863 2408 provincii,
886 2326 931 2389 ita
946 2327 979 2390 in
994 2328 1057 2391 sin-

114 2434 198 2522 gulis
214 2434 401 2510 ditionibus,
416 2441 537 2518 praetcr
552 2432 682 2496 ditionis
698 2454 818 2518 regem,
835 2433 887 2497 cni
901 2435 1056 2501 suberant

120 2543 238 2620 Taisia',
255 2564 313 2607 seu
327 2518 484 2618 Baiones,
500 2551 569 2605 erat
585 2539 782 2625 Episcopus,
805 2551 838 2604 et
852 2539 965 2605 Abbas
981 2563 1055 2608 cum

114 2651 377 2718 administrandae
389 2649 470 2734 legis
484 2647 614 2724 Judice,
630 2659 663 2711 et
676 2648 817 2732 cujusvis
832 2647 964 2714 alterius
979 2675 1055 2738 pro·

12 2812 13 2827 ,
114 2761 262 2828 fessionis
281 2759 419 2836 ottamt,
443 2758 499 2841 qui
523 2757 705 2841 superiores
725 2755 840 2819 habuit
860 2757 893 2820 in
919 2758 1054 2826 Provin.

12 2907 13 2962 3
115 2871 175 2949 cit,
191 2881 224 2935 et
240 2887 410 2952 supremos
425 2865 459 2927 in
472 2885 574 2947 regno
589 2861 735 2946 ejusdem
750 2863 828 2926 artis
841 2863 1054 2947 professores·

13 2963 15 2991 ¹
156 3029 157 3032 η
178 2978 348 3043 Hactenus
371 2969 554 3037 Flnbertius
578 2971 619 3035 de
644 2970 740 3034 modo
763 2969 838 3035 olim
858 2974 1055 3039 succedendi

115 3087 204 3174 apud
219 3085 397 3157 Hibernos,
414 3089 448 3144 et
462 3100 524 3164 ego
539 3078 580 3142 de
599 3076 661 3140 bac
676 3076 781 3159 prima
795 3087 888 3158 parte
902 3077 1055 3162 Descrip-

12 3270 13 3288 χ
115 3195 211 3259 tionis
225 3188 402 3277 Btpartttae
420 3184 521 3271 Regni
535 3183 713 3248 Hibernia.
757 3180 798 3245 In
819 3181 1053 3247 secundaverit

12 3291 13 3345 l
115 3311 221 3388 parte,
251 3299 279 3363 si
301 3297 395 3362 Deus
421 3295 521 3358 vitam
549 3288 767 3376 protelaverit,
792 3287 1054 3356 sinekronismum

12 3439 20 3460 ι
116 3428 230 3493 regum
243 3414 429 3469 nostrorum
445 3421 517 3465 cum
529 3397 660 3464 Exteris
676 3393 843 3459 instituere
854 3405 904 3460 est
919 3397 1054 3476 animus,

115 3525 152 3579 ut
168 3523 202 3578 et
216 3510 485 3584 Monockismum,
512 3528 569 3571 seu
589 3504 789 3568 diversorum
812 3501 962 3568 ordinum
982 3505 1055 3570 reli·

12 3629 26 3670 ¹.
117 3624 243 3708 giones,
273 3629 306 3683 et
331 3614 527 3681 monasteria
560 3613 593 3676 in
622 3609 783 3674 Hibernia
813 3606 887 3673 olim
917 3609 1054 3678 fundata

13 3743 15 3826 J
117 3739 215 3813 atque
229 3726 326 3792 etiam
338 3727 472 3790 Sanctos
486 3729 521 3786 et
533 3716 714 3784 illustratio
726 3714 885 3782 Hibernia
895 3715 1055 3785 Familias
