2440 4292
170 331 234 395 100
551 349 728 398 usuum,

167 504 245 588 quin
260 502 413 580 Fomorii,
435 499 745 568 recollectis-denuo
769 501 904 579 viribus,
927 523 984 567 eos
1007 499 1051 565 ad
1064 499 1115 564 in-

169 610 387 676 ternecionem
401 607 593 677 deleverint.
633 609 730 676 Adeo
746 619 783 676 ut
796 609 854 694 qui
868 629 911 674 ex
924 607 1117 676 Nemethiis

172 729 374 805 supererant,
390 717 546 784 indociles
563 718 751 784 servitutem
766 718 847 804 pati,
871 716 974 783 solum
988 728 1117 782 vertere

171 827 385 904 decreverint,
401 825 491 911 quod
506 823 605 912 poulo
615 834 706 907 sule,
720 825 799 892 dum
815 847 929 894 eorum
943 846 995 890 res
1009 826 1120 892 stens-

173 946 255 1012 sent,
269 935 353 1000 inter
368 955 403 1000 ee
416 933 530 1020 partiti
544 942 630 998 suut.
708 967 712 974 ·

239 1039 351 1108 Duces
365 1040 454 1128 fugae
465 1041 646 1108 Britannus
658 1039 790 1118 Calvus,
802 1039 974 1106 Nemethii
987 1061 1033 1106 ex
1042 1038 1124 1106 Fer-

175 1149 270 1234 gusio
280 1149 378 1214 rubro
390 1152 492 1214 latere
500 1145 571 1212 filio
581 1168 697 1232 nepos,
707 1157 741 1214 et
752 1145 897 1225 lbathes,
909 1143 1122 1224 velBeethee,

177 1277 220 1319 ex
234 1252 435 1320 Hierbonele
449 1264 523 1320 vate
537 1275 713 1340 pronepos.

242 1361 432 1439 Balaam
452 1361 572 1428 Canus
583 1361 705 1440 dicun,
719 1361 753 1428 in
761 1362 941 1446 proximum
950 1359 1125 1430 Hibernia

179 1469 1040 1556 insulmcumsuiscommigrut,quurnabejusnomine
1048 1493 1127 1556 pos·

181 1576 449 1644 teriBritnnninm
459 1576 680 1664 appellarint:
692 1578 1128 1663 quaeerniquinisdicebstur

182 1683 307 1770 Magna
320 1683 453 1763 lesuin
476 1685 576 1763 unde,
601 1683 709 1752 forsan
722 1706 783 1770 per
796 1685 972 1771 utriusque
986 1686 1130 1750 nominis

181 1792 459 1876 conjunctionem,
478 1789 607 1878 Magn
621 1791 797 1858 Britannia
810 1792 1004 1860 hodiernum
1017 1793 1125 1858 audit.

182 1899 262 1966 Non
276 1901 375 1986 igitur
398 1923 419 1965 u
432 1900 654 1966 Romnorum
668 1901 786 1979 Bruto,
811 1911 849 1966 ut
863 1901 962 1987 aliqui
975 1899 1125 1987 linguon

184 2006 244 2072 sed
264 2027 284 2070 a
307 2016 420 2070 nostro
435 2005 594 2072 Britanno
609 2006 709 2074 Galw
732 2021 771 2074 ut
790 2007 998 2075 vetustissimi
1011 2029 1130 2094 ugnos·

186 2124 263 2180 cunt
272 2111 444 2179 Britonum
455 2111 638 2199 Scriptores
653 2115 710 2200 qui
724 2115 902 2182 Britunniae
918 2138 985 2181 sure
999 2116 1130 2182 derina·

186 2224 306 2288 tionem
325 2244 345 2286 e
359 2219 581 2287 &munorum
594 2221 701 2288 Bruto
715 2224 801 2292 inter
815 2223 942 2290 fabulas
963 2223 1059 2309 plene
1077 2245 1130 2291 re-

187 2339 324 2416 ponunt.
369 2325 503 2394 lbaohes
528 2340 637 2394 eutem
661 2330 714 2396 rel
733 2331 877 2399 Beathes
899 2332 956 2416 (ex
976 2353 1042 2418 quo
1066 2334 1131 2398 orti

189 2437 370 2515 Donennae,
398 2437 431 2502 in
450 2435 643 2502 Hiberniam
664 2460 741 2503 mox
763 2441 958 2526 regressuri)
978 2441 1013 2506 in
1029 2438 1132 2508 Scan·

190 2545 276 2612 diam
295 2542 529 2625 transfretavit,
556 2567 632 2632 quae
653 2556 706 2611 est
727 2566 803 2631 pers
833 2547 1017 2614 Germanice
1037 2550 1132 2633 aqui·

190 2654 320 2730 lunaris,
343 2651 496 2731 Daniom,
519 2653 679 2733 Suetium,
706 2664 740 2720 et
761 2652 960 2742 Norveginm
980 2657 1133 2741 primitus

193 2759 420 2844 complectens.

259 2866 377 2943 Porro,
417 2864 490 2930 haec
518 2863 766 2932 Nemethiorum
793 2889 837 2933 ex
866 2869 1027 2936 Hibernid
1053 2869 1135 2958 fugo

193 2975 290 3059 juxto
312 2969 458 3036 Flohert.
481 2991 558 3056 pag.
582 2972 637 3037 66.
662 2974 797 3059 contigit
814 2973 880 3041 An.
896 2973 1017 3041 Mundi
1034 2984 1134 3046 2245.

197 3082 301 3148 aetatis
315 3079 453 3164 Joseph.
468 3079 522 3145 45.
567 3079 635 3146 Sed
648 3080 746 3166 poulo
760 3092 835 3148 ante
849 3079 934 3148 hono
946 3083 1138 3171 fugam,de-

198 3191 308 3256 scribit
321 3187 510 3255 Bruodinus
524 3209 600 3272 pag.
614 3188 688 3266 833,
703 3188 939 3276 propugnaculi
954 3189 1138 3259 Ecclesias-

198 3298 265 3375 tici,
284 3297 364 3362 elios
383 3296 456 3381 ipse
476 3292 688 3380 Antiquerios
711 3307 854 3374 mutus,
873 3298 931 3384 qui
950 3297 1063 3365 volunt
1085 3323 1137 3367 se-

200 3415 353 3489 quentem
369 3404 437 3489 jam
460 3400 628 3467 Coloniam
649 3423 710 3487 per
730 3402 912 3471 Simeonem
932 3404 1137 3473 Meculatum

160 3591 164 3600 ⁸
202 3535 245 3578 ex
253 3509 421 3577 Nemethii
434 3509 553 3574 semim
567 3507 786 3575 descendisse.
817 3510 915 3578 Unde
926 3514 1023 3598 juxte
1034 3511 1139 3594 illum,

203 3621 333 3691 Simeon
348 3617 534 3683 Maculatus
548 3625 623 3701 post
637 3612 885 3681 Nemethiorurn
897 3617 1071 3700 excidium,
1089 3621 1141 3687 fu·

204 3723 516 3812 grm‘irrf‘Tlrrncium
536 3722 708 3801 conventit,
729 3722 789 3788 ubi
803 3723 836 3788 in
850 3734 973 3791 tentam
995 3729 1141 3794 excrevit
