2412 4292
462 389 638 437 ursanum.
955 371 1018 436 213

72 543 186 632 gulam
208 545 345 630 fregisse
363 543 495 630 legitur,
520 554 554 610 et
569 545 688 610 Strabo
712 551 852 609 testatur
877 542 1019 630 singulas

72 656 314 720 Phoenissae-am
338 653 436 718 urbes
459 675 569 739 regem
592 651 768 717 habuisse:
792 649 916 716 Plinius
941 674 1022 737 quo-

74 783 143 846 que
170 761 333 846 strategis,
363 770 398 825 et
423 759 625 845 praefecturis
652 761 800 825 omnibus
827 782 917 845 repes
946 758 1022 823 olim

73 868 259 954 praefuisse.
305 867 418 953 Atque
441 879 478 932 ut
499 868 620 933 vicinos
635 891 700 932 non
715 868 876 954 egrediar,
902 867 936 931 in
951 865 1023 951 ipsi

77 973 202 1062 Anglia
217 975 423 1062 Hepturclria
439 974 514 1040 olim
535 977 721 1053 constitute,
744 997 808 1039 non
823 973 877 1039 illa
892 973 1024 1059 quidem

72 1083 151 1166 jure
176 1081 395 1160 haereditario,
420 1093 477 1146 aut
503 1080 565 1145 alis
587 1080 796 1168 proprietatis
821 1081 1024 1146 successione

78 1189 203 1264 innixa,
230 1198 287 1252 aut
314 1186 372 1252 ulli
393 1185 596 1252 Monarchiae
626 1186 850 1265 subordinate,
876 1187 935 1251 sed
960 1187 1026 1250 vio-

80 1296 183 1371 lenta,
212 1318 297 1374 rara,
325 1294 504 1361 desultoria
529 1321 538 1372 ;
575 1317 703 1379 nempe,
732 1304 815 1360 teste
846 1293 1024 1372 camdeno,

79 1403 165 1468 Brit.
199 1399 264 1467 Tit.
298 1402 582 1490 Anglo-Saxones,
606 1403 663 1487 qui
687 1401 861 1487 plurimirm
885 1413 1026 1488 poterat,

81 1507 159 1574 Rex
184 1511 291 1596 gentis
313 1508 496 1596 Anglorum
519 1509 700 1574 dicebatur.
745 1507 901 1574 Moderni
919 1519 1027 1574 tamen

2 1661 9 1670 ,
82 1637 197 1680 eorum
217 1615 400 1702 Scriptores
416 1614 619 1680 Monarchiae
643 1614 770 1680 titulum
793 1615 883 1700 genti
907 1625 1027 1680 nostrae

83 1723 273 1807 ademptum
295 1720 424 1800 vellent,
449 1723 500 1799 ed,
528 1720 618 1807 qdod
640 1715 867 1787 Pcaturclriam
891 1722 1028 1786 admise-

84 1831 210 1894 rimus:
236 1852 301 1893 non
324 1830 576 1906 considerantes
600 1839 657 1894 aut
675 1828 809 1912 (invidia
832 1828 1027 1909 stimulante)

87 1935 295 2001 considerare
317 1934 477 2014 nolentes,
502 1957 688 2020 supremam
708 1935 742 2000 in
763 1959 830 2001 uno
844 1958 922 2023 rege
938 1937 1028 2022 apud

85 2064 145 2107 nos
161 2042 357 2126 potestatem
371 2041 492 2106 fuisse:
516 2040 746 2107 subalternam
767 2042 856 2121 verb,
881 2053 938 2108 aut
953 2044 1029 2108 sub-

85 2148 275 2212 stitutam'a
297 2146 500 2227 Pentarchis,
527 2171 586 2214 seu
607 2145 755 2235 Regibus
781 2147 1029 2235 provincialibus

87 2254 130 2318 ad
144 2253 275 2319 infimos
301 2255 431 2319 ordines
456 2255 617 2340 gradatim
631 2255 908 2334 descendentem
932 2267 1029 2341 atque

87 2364 169 2429 adeo
186 2364 411 2429 Monarcdium
426 2373 575 2429 nostram.

163 2514 198 2597 (“
213 2513 328 2579 Rebus
344 2501 540 2581 inhumanis
557 2517 585 2580 si
599 2515 647 2580 fas
663 2513 850 2581 coelestibus
865 2514 956 2598 uti.”)
1034 2593 1036 2598 ,

90 2662 261 2748 Exemplis
277 2662 469 2748 Angelicam
483 2665 516 2728 in
536 2661 626 2729 coelis
641 2660 868 2726 Hierarchiam
890 2684 926 2726 re
949 2685 1032 2748 prae·

91 2770 249 2848 sentisse,
259 2791 357 2854 quam
368 2770 413 2834 sic
425 2769 591 2846 describit,
601 2769 674 2834 vide
685 2767 914 2850 Crimonensis,
927 2793 959 2858 p.
967 2771 1020 2836 96.

177 2923 199 2955 “
217 2917 264 2983 Et
278 2919 348 3002 ipse
365 2939 491 2982 summo
507 2916 633 2982 Civium
647 2918 680 2982 in
695 2919 802 2985 medio
817 2931 911 3008 pater

267 3023 429 3087 Laudavit
444 3021 555 3088 alitum
571 3023 691 3091 Choro.

225 3129 417 3214 Postquam
432 3130 491 3193 tibi
506 3133 608 3196 omnis
623 3132 697 3197 aula
711 3132 785 3198 coeli
799 3131 913 3196 militat

268 3235 401 3328 Secreta
417 3245 521 3300 coetus
536 3238 568 3301 in
584 3247 720 3303 novem.¹

225 3341 310 3428 Regi
325 3344 396 3427 ipse
413 3365 540 3428 semper
555 3345 679 3410 assides
694 3342 907 3430 propinquior

270 3448 526 3516 Reoonditorum
540 3452 704 3535 particeps
721 3473 728 3512 :

227 3560 312 3635 Quae
328 3560 446 3626 deinde
462 3559 735 3647 subsequentibus
750 3570 785 3628 tu
801 3561 925 3648 detegis
940 3587 949 3642 ;

269 3666 353 3734 Mox
368 3665 449 3733 alter
466 3667 570 3752 aperit
585 3664 677 3733 alteri
691 3692 699 3744 3
