2440 4292
200 328 262 392 118
596 343 781 390 umerum.

238 497 317 563 Non
338 491 438 563 refert
452 505 529 562 nutu
545 518 587 561 un
601 497 702 581 major
717 485 863 562 utrumve
877 495 1005 560 minor?

196 607 314 673 «iunior
327 617 384 671 out
396 606 501 672 senior
513 614 624 689 partos
639 603 668 669 vi
684 603 830 689 possidet
845 623 940 688 agros

239 712 354 779 Frater
368 722 441 777 uter
455 713 550 777 terris
563 733 638 778 acer
652 723 686 777 et
701 732 775 777 acer
790 712 892 797 aquis.

258 903 435 990 Utcunque
450 925 501 968 res
517 904 569 982 sit,
590 925 655 968 non
671 913 776 969 cesset
794 903 903 970 adhuc
918 905 989 970 haec
1005 914 1137 969 coutro-

192 1013 306 1090 versia,
328 993 471 1096 quumvis
499 1033 560 1096 ego
583 1032 657 1074 cum
671 1007 836 1074 Flahertio
859 1011 892 1075 in
914 1013 1064 1096 sequenti
1078 1034 1132 1076 re.

191 1140 267 1202 gum
282 1124 430 1201 poemate
447 1112 657 1178 Herimoncm
672 1113 809 1180 Hebero
819 1115 973 1201 praescrre
988 1139 1053 1181 non
1068 1117 1131 1182 du·

191 1223 301 1286 bitem.
347 1221 462 1298 Porro,
489 1242 530 1284 ex
555 1220 648 1285 (lictis
675 1218 826 1307 colligere
841 1233 902 1301 est,
918 1221 1133 1310 Amerginum

192 1326 413 1392 subsratribus
430 1325 495 1389 suis
511 1347 695 1410 supremum
709 1327 816 1410 egisse
830 1337 935 1392 vatem
946 1328 1133 1412 (vernacule

191 1432 323 1514 Filedh)
339 1453 404 1516 quo
419 1431 546 1495 nomine
560 1453 625 1495 non
639 1443 738 1518 poeta
753 1432 889 1511 tantum,
916 1435 973 1500 sed
988 1435 1134 1522 philoso-

190 1539 276 1627 phus
290 1538 469 1624 praescrtim
483 1536 685 1624 intelligitur:
701 1549 734 1603 et
748 1538 835 1605 illum
847 1541 976 1626 quidem
990 1544 1133 1629 primum
1210 1611 1211 1618 ,

189 1647 358 1714 Hiberniae
374 1645 584 1723 Historicum,
596 1645 914 1727 Judicemffloetam,
930 1661 963 1714 et
978 1649 1133 1718 Philoso-

189 1757 292 1843 phum
306 1757 407 1821 fuisse
422 1765 560 1820 testatur
575 1775 713 1840 sequens
729 1755 895 1820 distichon.

203 1911 225 1939 ‘⁴
241 1903 369 1969 Primus
380 1902 575 2002 Amerginus
590 1901 852 1988 genu-candidus
868 1902 995 1969 Auctor
1007 1904 1114 1971 lernae

246 2011 444 2087 Histonium,
455 2008 561 2092 judex
575 2009 658 2095 lege,
674 2009 789 2087 Poeta,
803 2009 954 2094 sophos.”

187 2163 233 2229 Et
256 2162 326 2228 haec
347 2163 383 2226 in
402 2161 647 2248 praesentiarum
670 2161 758 2225 dicta
780 2159 939 2226 sufficiant
959 2162 1001 2227 de
1016 2162 1127 2229 Scoto-

186 2269 404 2338 Hiberuorum
427 2272 462 2335 in
483 2267 675 2333 Hibernium
703 2267 902 2353 migratione,
933 2279 967 2332 et
990 2267 1127 2334 Colonia

186 2401 283 2465 quam
306 2378 449 2465 quinque
474 2376 581 2442 adhuc
602 2373 672 2439 eliae
687 2385 801 2460 gentes
817 2385 1061 2458 praecesserant,
1087 2388 1125 2440 ut

186 2509 228 2551 ex
242 2486 399 2552 hactenus
413 2485 507 2550 dictis
526 2483 639 2569 liquet,
660 2504 775 2569 nempe
792 2483 993 2560 Portholoni,
1009 2496 1043 2549 et
1054 2485 1125 2551 Ne-

186 2595 282 2660 metlri
294 2593 449 2671 Coloniae,
459 2593 636 2679 Belgarum
651 2601 684 2656 et
695 2591 930 2656 Dononoorom
939 2590 1123 2677 Dynastiae‚

184 2724 221 2766 ac
229 2701 356 2766 demum
361 2701 582 2764 Fomoriorum
590 2697 822 2764 infestationes.
835 2697 948 2773 Porro,
957 2702 1123 2765 Scotorum

184 2807 353 2892 Dynustiae
374 2828 469 2891 reges
491 2827 510 2869 e
530 2807 633 2870 tribus
650 2804 776 2870 Mettus
790 2815 846 2868 aut
862 2801 983 2870 Milesii
998 2805 1123 2891 Hispa-

183 2914 247 2978 nioi
259 2911 347 2990 filiis‚'
363 2911 510 2989 Hebero,
526 2911 620 2989 Hiro,
637 2921 670 2977 et
684 2911 872 2988 Herimone,
884 2924 1003 2996 praeter
1017 2923 1085 2977 tres
1100 2937 1120 2979 e

183 3016 304 3084 Milesii
329 3029 447 3105 patruo
466 3017 543 3084 Itho
570 3029 603 3082 et
627 3039 645 3081 e
666 3018 789 3105 populo
810 3041 920 3098 unum,
943 3019 1123 3087 descende-

182 3137 278 3203 runt;
309 3137 345 3190 ut
375 3123 509 3211 amplius
538 3125 662 3210 patebit
697 3148 740 3190 ex
768 3129 916 3211 sequenti
944 3141 1118 3214 poemate3

183 3231 294 3306 Quare
311 3235 362 3300 sit.
