2438 4308
490 375 664 422 innuerim.

99 511 587 614 Hibernos'potuitdefendere.
624 527 757 594 Rudera
772 529 855 594 muri

99 635 192 708 Quin
201 636 301 702 hodie
315 637 430 715 cernis,
451 658 548 722 quem
562 634 639 702 olim
655 636 804 702 struxere
818 635 965 710 Quirites

99 740 267 808 Hibernos
280 747 404 822 contre,
419 745 582 829 rapientes
598 753 714 810 cuncta
729 741 904 808 Britannis.
975 747 1038 813 525

6 895 7 900 η
101 845 265 936 Utrinque
279 851 367 917 hunc
381 874 507 916 murum
522 849 723 937 praelongum
737 852 887 918 terminat
903 875 1027 939 aequor.

99 953 206 1042 ldque
219 959 337 1023 iterum
352 959 499 1025 Scoticur
511 969 651 1024 testatur
666 959 806 1024 carmine
820 970 921 1025 vates.

99 1064 156 1130 Ne
166 1078 274 1132 tamen
289 1065 445 1132 Albiones
461 1076 566 1153 putet,
582 1066 636 1132 hic
650 1067 784 1132 victoria
799 1063 871 1134 fixit

98 1169 719 1259 PraecipitemRomanagredum,quem
727 1173 1041 1259 nougravisAuster
1101 1210 1105 1221 =

99 1273 269 1364 Reppulit,
281 1277 409 1344 incultis
424 1303 489 1346 non
498 1278 658 1365 squallens
671 1280 806 1347 Parthia
818 1281 960 1368 Campis.
976 1285 1040 1348 530

6 1423 7 1488 l
99 1382 134 1446 N
135 1407 180 1450 on
195 1397 292 1450 aestus
306 1385 433 1466 Meroe,
449 1409 514 1452 non
525 1389 646 1476 frigore
659 1387 797 1455 Rhenus
813 1400 846 1456 et
861 1387 957 1476 Alpis

6 1509 7 1516 ¹
97 1489 269 1570 Tardavit,
286 1493 416 1559 Latium
430 1507 594 1561 remorata
608 1506 659 1560 est
674 1495 785 1561 Scotia
799 1517 939 1562 cursum.

96 1599 241 1686 Solaque
252 1625 331 1688 gens
346 1604 458 1668 mundi
472 1614 533 1682 est,
549 1625 702 1687 cumque
716 1623 782 1669 non
796 1601 936 1669 culmine
950 1627 1039 1669 mon-

187 1711 239 1791 tis,

6 1839 7 1882 ι
96 1816 177 1881 Νοιι
190 1815 297 1901 rapidi
310 1819 388 1903 ripis
404 1819 515 1900 amnis,
530 1843 595 1885 non
609 1821 701 1888 obice
717 1819 825 1907 sylvae,

98 1922 179 1987 Non
194 1924 276 1988 vasti
290 1925 402 2010 spatiis
417 1927 522 2012 campi
536 1925 682 1992 Romana
696 1938 853 2013 potestas,
975 1926 1039 1990 535

100 2031 169 2097 Sed
182 2033 295 2111 muris,
310 2031 463 2118 fossaque
476 2036 526 2098 sui
537 2035 676 2100 confinia
689 2036 782 2122 regni

97 2139 258 2204 Munivit:
281 2152 459 2225 gentesque
474 2139 552 2206 alias
564 2140 771 2226 compelleret
784 2141 880 2207 armis

98 2246 239 2312 Sedibus
255 2259 311 2312 aut
326 2249 426 2314 victas
442 2248 536 2314 vilem
551 2260 695 2316 servaret
708 2250 742 2313 in
757 2270 850 2315 usum

97 2355 240 2433 Servitii5
252 2355 306 2422 hic
321 2368 473 2423 contenta
488 2379 564 2422 suos
579 2356 755 2424 defendere
770 2354 865 2430 fines,

96 2461 203 2527 Roma
218 2462 409 2548 securigeris
424 2463 599 2549 praetendit
613 2463 732 2530 moenia
747 2461 862 2526 Scotis.
971 2457 1035 2521 540

135 2569 228 2636 Audi
240 2567 318 2634 alibi
331 2582 447 2635 vatem.
491 2570 583 2645 Quid
594 2570 695 2635 habet
707 2569 775 2631 sine
791 2565 890 2630 milite
905 2565 1016 2630 Scoto.

94 2675 197 2742 Nulla
210 2700 352 2764 unquam
368 2677 501 2744 Francis
515 2675 607 2742 fulsit
621 2675 753 2741 victoria
768 2673 879 2739 castris
946 2757 950 2766 .
971 2701 973 2708 >

95 2780 197 2848 Nulla
210 2805 353 2868 unquam
362 2771 566 2850 ¹Hectorides
583 2785 651 2849 sine
668 2782 767 2849 Scoto
781 2781 880 2847 milite
895 2780 1004 2847 clades

94 2889 217 2956 Saevior
231 2892 404 2977 oppressit.
447 2891 549 2957 Vates
563 2890 744 2958 stiliconis*
759 2891 900 2957 honores

93 2998 162 3073 Qui
176 2997 444 3074 celebrat‚‘habet
458 2981 541 3075 hmo,
556 2999 785 3064 “maduerunt
799 3019 922 3063 saxone
937 2996 1010 3059 fuso

93 3104 258 3183 Orcades;
281 3103 415 3172 incaluit
425 3107 588 3190 pictorum
602 3107 757 3192 sanguine
770 3104 892 3183 Thule,
968 3105 1032 3169 546

92 3210 263 3276 Scotorum
277 3211 365 3276 flevit
380 3209 524 3276 cumulos
542 3210 684 3296 glacialis
700 3211 825 3278 Ierne.”

92 3319 110 3352 “
121 3315 212 3382 Illius
227 3317 379 3382 effectum
394 3318 480 3384 curis
495 3341 536 3383 ne
551 3317 637 3384 bella
652 3319 797 3384 timerem

91 3423 230 3501 Scotica,
246 3446 287 3489 ne
304 3423 432 3490 Pictum
447 3435 628 3505 tremerem,
641 3447 683 3490 ne
697 3424 805 3492 littore
821 3435 890 3490 toto

89 3529 316 3618 Prospicerem
331 3531 439 3598 dubiis
454 3542 625 3598 venturum
638 3529 770 3597 Saxona
784 3532 899 3597 ventis.
965 3528 1030 3591 550

797 3679 1022 3694 m

361 3763 375 3792 '
390 3761 539 3814 Claudianus
550 3761 580 3814 de
593 3761 705 3812 laudibus
717 3762 770 3812 Stil.

803 3850 858 3914 1³3
