2440 4292
513 348 689 396 araceum.
1013 333 1055 398 8¹1

110 499 169 565 tici
191 498 331 564 nominis
358 499 582 585 antiquitatem
597 501 686 579 facit,
711 501 885 587 quadrum
900 505 1055 589 temporis

109 605 306 681 innotuerit;
328 602 394 689 qud
418 604 633 671 aPharaonis
651 604 719 670 filia
743 607 902 692 originem
923 607 1054 676 trahere

111 712 316 790 crederetur.

175 819 262 886 Haec
285 820 407 884 Scotiei
432 820 569 886 nominis
596 821 771 906 antiquitas
793 820 873 886 mihi
898 819 1054 888 calamum

112 926 200 990 acuit
209 925 244 988 in
253 929 419 990 modernos
431 923 771 1004 &vomitionem
783 926 851 1011 qui,
864 927 975 994 nescio
989 925 1056 1010 quai

111 1031 275 1116 praecipiti
289 1028 438 1108 audaciai,
454 1041 511 1094 aut
525 1029 642 1096 effreni
655 1030 795 1110 licentii,
814 1045 927 1098 contra
944 1032 1056 1118 Scrip-

8 1157 30 1218 ,⁶
109 1149 217 1201 torum
252 1137 396 1202 omnium
426 1147 613 1215 torrentem,
655 1160 737 1224 quos
766 1139 844 1205 citat
867 1127 1052 1208 Flahertius

109 1265 142 1326 p.
158 1243 236 1321 357,
244 1253 365 1310 nostrae
379 1245 485 1329 gentis
500 1246 722 1331 antiquitates,
738 1246 887 1326 Sanctos,
902 1270 1019 1334 resque
1034 1273 1055 1314 a

8 1359 9 1372 ¹
108 1347 203 1411 nobis
237 1345 324 1412 domi
351 1348 535 1435 militiaeque
564 1349 721 1436 praeelare
753 1363 873 1437 gestas,
909 1366 945 1418 ut
978 1367 1054 1420 ante

107 1463 229 1540 monui,
245 1466 306 1529 sub
321 1462 442 1528 Scotiea'
453 1463 590 1530 nominis
604 1463 703 1541 larva,
721 1465 782 1531 sibi
797 1467 974 1532 attribuere
988 1491 1054 1534 non

107 1582 273 1650 verentur,
294 1592 368 1636 cum
378 1580 562 1636 tamennon
574 1572 637 1635 nisi
648 1581 724 1656 post
736 1571 941 1636 undecimum
954 1595 1055 1640 saecu-

6 1717 7 1720 =
107 1673 175 1740 lum
196 1679 362 1744 aChristo
383 1688 461 1741 nato
481 1675 647 1742 Scotieum
672 1697 790 1740 nomen
813 1673 967 1740 Albaniae
986 1699 1053 1742 sure

6 1785 7 1808 ¹
106 1792 231 1875 ubique
247 1786 439 1852 attributum
452 1782 582 1868 legant3
599 1793 634 1847 et
647 1792 725 1848 tunc
751 1781 848 1846 etiam
874 1781 1052 1848 seeundirm

5 1983 6 1988 ἵ
107 1898 200 1982 quid,
218 1917 279 1962 seu
301 1913 375 1958 cum
392 1891 576 1976 adjectione
588 1889 726 1955 Minoris
738 1887 859 1954 Scotiae
872 1886 923 1954 vel
935 1891 1052 1956 Scotiae

5 1989 6 2004 ἦ
107 2003 311 2071 Britannicae
333 2022 392 2086 per
422 1998 663 2064 distinctionem
693 1997 736 2063 ad
762 1995 967 2076 Hiberniam,
999 1999 1051 2062 in·

108 2109 212 2175 aulam
236 2107 318 2172 mari
338 2105 503 2180 ambitam,
520 2101 702 2170 Britannia
716 2105 908 2191 contiguam,
931 2127 1053 2188 nequa·

4 2261 5 2294 t
105 2239 205 2303 quam
215 2214 293 2282 verb
303 2213 489 2278 continuam
500 2209 550 2294 (ut
569 2220 619 2276 est
635 2209 735 2275 hodie
746 2210 857 2277 Scotia
871 2210 1052 2278 Albionen-

4 2299 5 2378 Ῐ
105 2325 163 2406 sis)
186 2347 261 2409 quae
285 2323 326 2386 ab
355 2321 504 2385 omnibus
534 2317 674 2404 primirm
708 2320 920 2404 scriptoribus
940 2321 1051 2386 Scotia

104 2432 292 2519 simpliciter
306 2427 417 2496 Scotia
430 2426 546 2494 insula.
590 2428 638 2492 Et
649 2439 736 2513 post,
751 2432 959 2493 innotescente
970 2429 1049 2494 foris

105 2541 237 2607 minoris
261 2537 383 2603 Scotiae
410 2537 542 2613 nomiae,
573 2534 685 2598 Scotia
707 2532 818 2617 Major
839 2531 905 2598 dici
927 2536 1048 2620 coepit:

105 2652 189 2717 adeo
220 2658 268 2726 ut,
295 2645 385 2732 apud
414 2653 539 2708 veteres
566 2661 677 2706 omnes
704 2639 890 2724 scriptores,
915 2639 1050 2706 Gildum

104 2779 234 2840 nempe,
255 2754 390 2828 Bedam,
414 2750 560 2836 aliosque
583 2749 770 2812 innumeros
796 2745 913 2812 Scotus
939 2761 973 2816 et
988 2749 1050 2815 Hi-

103 2848 228 2910 bernus
268 2837 464 2925 synonimice
501 2845 680 2902 sumantur.
742 2833 833 2908 Quid
861 2834 951 2919 qudd
980 2837 1049 2921 ipse

105 2950 281 3016 Marianus
305 2946 430 3022 Scarus,
450 2944 534 3008 inter
552 2943 675 3028 primos
699 2941 756 3026 qui
769 2943 957 3007 modernam
971 2944 1049 3010 Sco·
1155 2945 1162 2958 “

103 3061 184 3124 tiam
199 3057 264 3122 hoc
278 3055 407 3120 nomine
422 3051 614 3139 appellavit:
639 3049 832 3117 Hiberniam
846 3061 953 3114 tamen
969 3051 1048 3116 Seo-

104 3179 213 3231 torum
227 3161 366 3229 insulam
382 3160 469 3226 unde
483 3157 699 3224 Albionenses
715 3155 806 3222 Secti
819 3155 959 3239 profecti
972 3167 1047 3219 sunt

104 3293 283 3358 agnoscere
299 3291 366 3336 uon
382 3267 530 3333 dubitet:
547 3276 592 3342 et,
607 3276 645 3329 ut
658 3260 816 3330 Camdeni
831 3271 905 3324 utar
919 3259 1045 3326 verbis:

103 3382 167 3467 ipsi
182 3380 251 3444 veri
265 3387 299 3443 et
322 3374 456 3463 genuini
471 3373 561 3439 Secti
574 3370 638 3436 hoc
655 3370 827 3436 Scotorum
847 3387 964 3434 nomen
979 3391 1048 3434 non

104 3497 310 3574 agnoscunt:
334 3484 393 3551 sed
408 3482 487 3548 alios
510 3503 545 3546 ee
566 3477 709 3544 Gaoibel
720 3473 904 3560 indigitant,
920 3496 985 3559 quo
999 3473 1049 3538 ul·

104 3599 184 3662 timo
204 3595 333 3660 nomine
359 3614 379 3656 a
400 3590 494 3654 nobis
510 3608 615 3671 usque
631 3585 664 3648 in
680 3581 875 3646 hodiernum
890 3581 975 3646 diem
990 3602 1048 3665 ap-

104 3695 286 3787 poliantur:
310 3697 362 3764 vel
374 3692 529 3760 Goidelos
545 3713 604 3756 seu
613 3689 780 3754 Hibernos
792 3683 944 3754 Albaniae
958 3687 1049 3770 qued

105 3807 193 3874 aliud
209 3829 274 3874 non
291 3806 366 3884 sint,
392 3803 490 3889 quam
507 3796 687 3865 Hibernica
702 3792 837 3873 colonia,
862 3815 882 3857 a
897 3793 1048 3878 Regibus
