2440 4292
485 339 661 386 ursanum.
1003 319 1045 384 85

97 487 241 554 cedente
253 489 428 556 aPoaters's
435 487 688 559 Scotomvocari.
703 489 882 558 Confirmat
890 489 1047 557 Flahertii

98 597 289 680 opinionem
304 619 369 663 non
385 618 451 664 uno
467 599 501 664 in
515 596 588 664 loco
602 599 742 664 eximius
755 598 802 664 D.
819 595 1024 684 Ketingus
1014 621 1049 663 m

99 727 164 770 sua
146 702 290 790 Regni
303 703 475 772 Hiberniae
489 704 710 793 manuscriptis
727 705 886 784 Historia,
908 723 1048 792 praeser-

98 812 159 876 tim
184 813 263 877 vero
284 813 457 897 paginass.
476 813 523 879 Ν.
512 837 572 900 ..g
598 811 750 893 Scotiam,
774 813 889 898 inquit,
908 810 967 878 filii
981 811 1048 878 Mi·

98 915 173 982 lesii
197 917 404 984 nominarunt
423 941 465 984 ex
487 931 665 986 matresua
646 918 775 987 Scotd
784 918 852 985 filia
866 919 1046 998 Pharaonis

102 1024 325 1092 Neotom'bm:
350 1025 402 1092 vel
415 1027 550 1105 idcirco,
573 1029 664 1114 quod
684 1029 749 1114 ipsi
764 1050 869 1114 genus
885 1028 1047 1094 Scoticam

100 1132 234 1212 suerint,
261 1132 433 1219 &Schytit
455 1134 611 1220 originem
636 1133 814 1214 trahentes,
838 1135 907 1199 ute
924 1135 1047 1217 Sclyto

99 1237 162 1304 fiat
178 1235 286 1304 Scuto.
316 1239 363 1304 Et
379 1238 455 1306 alibi
470 1263 478 1304 z
493 1243 671 1308 communis
686 1241 955 1327 Antiquariorum
975 1263 1047 1306 sen-

5 1343 6 1346 '
103 1348 207 1412 tentia
218 1358 280 1424 est,
295 1347 457 1426 Goldelos,
475 1357 606 1432 gentem
616 1349 778 1414 Senticam
791 1348 866 1413 ideo
879 1345 1047 1433 apellatus

102 1455 196 1540 quod
210 1453 229 1518 ὲ
245 1452 380 1539 Schytia
393 1452 570 1520 stemmatis
586 1454 763 1540 primordia
777 1453 930 1520 referant.
960 1453 1049 1519 Item

102 1561 183 1628 alibi
197 1561 364 1648 deprimis
380 1560 551 1627 Hiberniae
565 1561 700 1628 Incolis:
724 1561 868 1627 unanimi
883 1558 1048 1644 Antiqua·

102 1671 227 1736 riorum
250 1668 417 1756 suffragio,
436 1669 577 1735 traditur
595 1668 740 1756 linguam
752 1666 923 1746 Senticam,
950 1691 1047 1753 quam

5 1839 6 1856 ,
107 1763 309 1842 Goiclelioom
335 1776 483 1854 dicimus,
506 1776 665 1842 Ncmets'ia
686 1776 895 1842 'vernaculam
925 1774 1046 1842 fuisse:

103 1885 255 1949 nimirum
267 1883 387 1968 quode
403 1883 541 1969 Scaptia
553 1883 610 1947 ubi
625 1905 664 1949 ea
678 1893 746 1948 tum
761 1885 871 1970 lingua
885 1893 966 1961 erat,
981 1882 1047 1947 huc

103 1993 306 2058 advenerint.
340 1989 455 2057 Plures
471 1989 579 2058 adhuc
590 1991 624 2055 in
638 1988 723 2055 hanc
738 2011 805 2054 rem
820 1990 944 2075 patrios
959 1987 1049 2052 Auc-

6 2171 7 2174 ¹
104 2109 194 2163 tores
209 2096 349 2184 allegare
361 2119 501 2184 possem.
526 2097 617 2176 Quin
632 2109 666 2164 et
680 2099 784 2165 exteri
799 2097 947 2184 plerique
960 2095 1049 2162 Aac·

6 2217 7 2220 ’
105 2214 194 2268 tores
219 2213 362 2267 nostram
380 2202 399 2267 ὲ
415 2202 546 2289 Schytis
568 2204 724 2290 originem
740 2205 924 2270 deducunt:
949 2225 986 2270 ac
1001 2206 1048 2269 in-

105 2310 217 2395 primis
232 2309 434 2396 Propertim,
454 2313 511 2394 qui
526 2310 667 2398 Augusti
683 2323 828 2396 tempore
843 2310 964 2387 floruit,
980 2310 1047 2376 huc

9 2417 10 2424 '
107 2415 248 2482 collimat
263 2415 338 2480 Lib.
352 2415 414 2482 1v.
432 2416 528 2502 Eleg.
545 2419 577 2494 3,
593 2416 648 2482 ubi
665 2417 762 2482 canit.

173 2529 195 2560 “
210 2524 417 2610 Hibernique
441 2524 538 2590 Getae
559 2525 712 2609 pictoque
728 2523 898 2588 Britannia
921 2523 1049 2588 curru.”

109 2630 187 2706 Quo
201 2653 296 2697 versu
310 2631 415 2695 innuit
427 2629 527 2696 Poeta
542 2629 708 2696 Hibernos
722 2631 857 2715 origine,
876 2627 977 2696 Getas
991 2651 1050 2694 seu

109 2740 255 2825 Schytiae
277 2737 416 2825 populos
439 2735 549 2808 fuisse.
602 2735 680 2803 Huc
706 2737 795 2815 facit,
821 2737 911 2822 quod
933 2737 1050 2801 Gildos

110 2846 152 2910 de
175 2845 320 2911 Excidio
343 2846 522 2912 Britanniae
552 2868 603 2910 an.
631 2843 705 2922 564,
725 2843 938 2909 Hibernicum
962 2863 1050 2907 mare

111 2951 223 3017 vollem
239 2953 425 3036 Sclpticom
447 2952 644 3018 denominet.
697 2949 744 3018 Et
754 2951 905 3016 Nonnius
922 2949 1052 3013 Britan-

112 3081 171 3122 nus
185 3060 219 3123 in
231 3058 290 3124 susi
298 3057 449 3125 Historia
463 3081 515 3124 an.
533 3057 606 3126 858.
618 3081 692 3143 quae
708 3056 790 3124 falso
808 3057 918 3123 Gildo
932 3056 1052 3120 adscri-

112 3167 211 3246 bitur,
231 3167 310 3233 dioit
332 3190 367 3233 se
382 3167 580 3251 accepisses
594 3166 797 3251 peritissimis
813 3165 977 3230 Scotorum
992 3183 1052 3226 seu

19 3301 20 3310 ³
113 3273 748 3361 HibmmorumquodSchytaeinquartt
756 3269 1053 3348 aetatemundi,ob·

20 3369 22 3399 l
113 3380 268 3445 tinuerint
282 3378 485 3446 Hiberniam.
536 3380 646 3455 Quam
666 3391 795 3446 aetatem
808 3378 895 3444 idem
909 3378 1055 3443 Noouios

112 3485 243 3550 inchoat
263 3486 433 3552 &Donido
455 3497 489 3552 et
511 3485 584 3551 finit
606 3487 639 3551 in
663 3486 809 3552 Dantem.
863 3483 941 3559 Qua
964 3483 1053 3550 certe

114 3604 206 3659 aetate
229 3593 289 3658 filii
305 3592 426 3660 Milesii
451 3617 494 3660 ex
509 3593 673 3680 Hispania
695 3595 728 3657 in
741 3590 935 3662 Hiberniam
954 3592 1057 3658 solve·

25 3745 26 3752 κ
112 3714 200 3768 runt:
217 3725 283 3787 quo
304 3702 453 3767 nimirum
477 3713 622 3789 tempore
638 3702 799 3779 Semanous,
816 3701 958 3766 Dosidis
973 3701 1058 3765 filius

114 3809 270 3896 ternplum
285 3806 452 3874 Altissimo
471 3809 647 3888 dedicavit,
674 3819 711 3875 ut
737 3827 848 3874 omnes
862 3807 965 3872 nostri
979 3806 1063 3871 rese·
