2440 4292
455 316 632 376 ursorum.
765 337 767 344 ·
976 301 1015 364 91

73 465 158 532 moni
183 467 425 554 sapientissimo
446 469 642 544 inmolennrr
668 470 712 538 od
734 479 854 542 sotum.
902 471 1019 538 Fidem

74 573 168 641 dictis
187 576 282 644 addit
297 577 513 645 indubitatem
528 581 635 674 ipsum
654 581 767 650 Caroli
782 582 899 667 Mopsi
913 579 1018 667 diplo-

74 703 127 746 ma
146 685 266 768 (quod,
285 694 422 772 regente
444 685 478 755 in
492 685 665 757 Austrssia
681 684 846 774 Sigiberto
861 685 1018 752 Clodovei

73 789 159 874 regis
174 788 306 870 Gelliae,
330 811 374 864 ex
391 790 561 866 Clotherio
576 794 680 878 primo
702 803 836 880 nepote,
864 793 1018 860 emissum

74 896 134 979 est)
156 897 191 962 in
220 919 288 982 quo
319 899 489 984 sequentia
514 897 680 985 leguntur.
720 899 836 966 “Cum
862 902 931 986 jem
957 919 1018 985 per

72 1013 173 1070 totam
195 1005 339 1072 Galliam
369 1007 486 1082 dirinoe
513 1006 680 1095 religionis
707 1008 817 1076 fervor
857 1020 1016 1130 torperet,

73 1108 117 1176 D.
133 1109 179 1176 N
195 1110 297 1178 Jesus
314 1113 465 1190 Christus
487 1115 530 1185 od
544 1114 780 1201 repellendos
770 1115 907 1200 rgnoriae
929 1125 1018 1182 tene·

11 1169 13 1268 l
72 1217 160 1295 bras,
173 1217 215 1282 de
225 1218 370 1292 occrdurs
383 1220 555 1289 Hiberniae
563 1222 712 1306 partibus
723 1220 1018 1307 splendidissimum

11 1317 13 1462 J
72 1323 202 1402 rodium
215 1323 354 1391 Gallicis
375 1325 497 1398 finibus
519 1329 641 1414 emergi
665 1327 823 1414 prorepit
843 1325 1018 1392 Columba-

11 1469 12 1512 ,
73 1453 149 1496 num
164 1433 334 1518 egregium
347 1433 588 1520 Scotigenamss’

135 1538 329 1608 Innumeros
348 1539 428 1608 alios
453 1565 496 1608 ex
512 1541 672 1608 Hibernia
687 1541 824 1608 Ssnctoe
850 1542 1015 1608 adducere

10 1670 203 1752 possem
218 1648 322 1734 quiin
337 1648 447 1716 Gallie
464 1661 665 1728 mernerunt,
677 1649 720 1714 de
734 1649 852 1734 quibus
869 1670 929 1714 suo
942 1649 1016 1716 loeo

10 1715 12 1866 ἰ
73 1754 196 1821 fusilis.
220 1777 259 1822 oc
274 1767 394 1842 praeter
408 1779 477 1836 eos,
491 1757 534 1824 de
549 1757 669 1842 quibus
678 1756 800 1823 dictum
815 1765 867 1820 est
880 1756 915 1819 in
930 1755 1019 1820 testi·

74 1861 191 1928 moniis
215 1861 400 1930 Auctorum
422 1862 522 1948 paulo
548 1871 635 1941 ente,
658 1871 831 1948 sequentes
847 1861 1017 1946 preterire

73 1966 224 2054 religioni
248 1967 413 2036 ducerem.
460 1967 545 2043 Quis
565 1968 651 2032 enim
674 1967 744 2034 sine
758 1965 888 2054 piaculo
901 1977 1020 2052 praete

74 2074 154 2141 riret
177 2072 385 2142 Mannuetnm
412 2073 447 2148 S.
469 2073 559 2145 Petri
581 2073 779 2160 Apostolum
798 2071 1018 2160 Discipulum,

74 2180 214 2262 primum
224 2175 448 2269 lotharingie
459 2180 655 2268 Apostolum
663 2192 697 2248 et
708 2182 889 2267 Martyrem
900 2181 942 2248 de
954 2203 1019 2267 quo

9 2275 11 2386 l
75 2285 221 2360 Canthus
239 2285 282 2350 ad
294 2287 326 2350 3.
343 2284 449 2372 Sept,
466 2286 629 2365 Cenisius,
652 2284 768 2355 Surius
782 2298 816 2351 et
831 2285 905 2350 alii?
920 2284 1019 2351 Joao-

74 2415 130 2458 neo
156 2391 322 2478 Erigone,
351 2413 410 2458 seu
432 2392 607 2471 Hibernos,
634 2393 714 2478 quid
739 2390 927 2477 praestiterit
949 2389 1022 2454 Ox·

9 2443 11 2554 l
80 2497 166 2561 oniae
192 2496 226 2560 in
245 2496 466 2582 promovendis
487 2496 708 2564 Universitate
739 2506 774 2561 et
798 2493 1020 2562 restaurandis

76 2605 172 2670 bonis
186 2601 313 2680 litteris,
329 2601 395 2668 An.
413 2604 488 2682 884,
504 2603 630 2671 Alsridi
640 2603 727 2688 regis
738 2614 897 2686 tempore.
929 2599 1022 2666 Idem

75 2721 216 2776 testatur
241 2709 395 2777 Waraeus
419 2708 462 2776 de
492 2707 714 2795 scriptoribus
739 2706 855 2774 Hiber.
887 2706 966 2782 Lib,
993 2707 1020 2772 1.

75 2820 124 2884 tit.
142 2821 176 2883 5.
219 2815 338 2882 Annol.
364 2816 511 2882 Caenobii
534 2817 685 2895 Winton,
716 2825 750 2881 et
773 2814 958 2882 Cemdenus
988 2815 1022 2880 in

75 2924 154 2991 edit.
170 2921 312 2989 Londin.
328 2946 361 3008 p.
375 2924 451 2988 267.
497 2921 650 2996 Vincent.
668 2919 793 2988 Bellon.
808 2921 835 2987 Ι.
850 2921 905 2999 24«,
921 2944 949 2988 c.
967 2921 1020 2988 42.

76 3029 231 3096 Menerd.
256 3038 290 3094 et
315 3027 380 3094 olii.
401 3028 437 3093 S.
459 3027 626 3114 Repertus
648 3028 836 3114 Episcopus
860 3027 1021 3095 salisbur-

76 3137 196 3224 gensis,
226 3146 259 3202 et
279 3133 461 3222 Apostolus
481 3135 641 3213 Baveriae,
671 3135 745 3202 vide
762 3134 870 3199 Canis.
892 3145 971 3200 tom.
986 3140 1017 3198 6.

76 3241 186 3308 Meth.
203 3240 383 3319 Rederum,
395 3241 456 3305 &c
473 3239 533 3306 &c
578 3238 745 3304 Albninuc.
763 3236 876 3322 Episc.
889 3233 1023 3300 Fristln-

76 3351 204 3427 niensis,
227 3347 345 3434 Apost·
371 3347 551 3434 Turingiae.
573 3346 708 3410 Irithem
725 3343 800 3408 Lib.
817 3341 880 3407 ΙΙΙ.
901 3363 930 3408 c.
947 3342 1021 3406 367.

78 3458 153 3524 Lib.
170 3455 232 3522 IV.
246 3479 275 3521 c.
295 3457 366 3521 190.
411 3456 523 3522 Wion.
540 3455 668 3522 Ferrar.
685 3463 719 3519 et
733 3449 797 3520 olii.
808 3448 842 3515 S.
855 3448 1021 3516 sciother-

77 3561 438 3648 tuo·Westphalorum,
466 3562 646 3637 Saxonum,
669 3559 853 3634 Frisonum,
878 3556 937 3620 &c
957 3554 1017 3618 &o
1088 3619 1089 3622 ,

77 3673 196 3758 Apost.
213 3672 298 3738 Bed.
315 3670 390 3738 Lib.
406 3671 450 3737 V.
465 3693 493 3738 c.
513 3670 562 3748 10,
582 3669 632 3746 ll,
649 3679 682 3733 et
701 3669 751 3744 12,
767 3663 855 3731 Hist.
872 3659 971 3746 Angl.
988 3670 1021 3726 et
