2412 4292
156 361 221 427 224
541 370 701 425 amenum.

157 542 297 619 quatuor
311 532 484 620 praecipuis
499 532 646 618 ejusdem
661 532 837 598 stemmatis
853 529 980 598 familiis
1001 531 1106 600 elter-

158 643 257 707 netim
273 642 530 710 succedentibus.
558 640 726 707 Interdum
741 650 849 706 autem
864 662 906 705 ex
920 640 973 705 his
988 639 1107 726 aliqui,

159 770 228 834 prae
243 749 339 814 nimia
353 747 542 814 dominandi
555 745 700 827 libidine,
713 746 912 832 (cujusmodi
935 759 1011 812 sunt
1034 743 1108 812 mil-

158 852 234 920 lena
255 854 344 939 apud
359 864 485 919 veteres
511 875 622 919 omnes
637 855 796 931 nationes,
817 865 883 918 tam
900 853 1106 920 Christianos

159 961 256 1044 quim
279 958 436 1027 Ethnices
463 961 627 1048 exemplu)
652 963 795 1028 debitam
821 963 883 1027 ribi
905 963 1015 1047 potius
1041 963 1106 1028 reti
1184 1037 1186 1039 ,

159 1063 247 1129 bello
262 1075 295 1130 et
309 1066 469 1132 violentiae
485 1067 630 1132 subsidio
647 1069 769 1154 regiam
784 1067 975 1153 dignitatem
991 1069 1106 1152 praeri·

158 1192 248 1256 pere.
294 1171 341 1237 Et
362 1175 494 1258 quidem
504 1175 602 1240 caedis
617 1174 769 1261 exempla
783 1175 938 1260 inprimis
955 1175 1057 1250 orbis,
1072 1184 1106 1238 et

161 1277 264 1356 urbis,
279 1301 371 1364 aeque
386 1303 424 1346 ac
436 1281 468 1345 in
484 1293 604 1347 nostrae
617 1281 734 1366 gentis,
746 1280 967 1347 conditoribus
982 1281 1105 1346 inveni·
1190 1289 1191 1292 ’

162 1393 270 1449 untur.
316 1383 415 1452 Unde
430 1386 734 1473 appositiFiahert.

199 1542 219 1571 “
234 1529 420 1622 Contigerat
428 1533 544 1620 primis
560 1531 818 1621 quodfrotribos
832 1531 916 1597 orbis
930 1543 962 1596 et
976 1531 1067 1598 urbis

223 1639 353 1705 Scotieo
355 1637 519 1724 fraternis
536 1638 677 1704 coedibus
692 1660 765 1702 orca
776 1636 932 1702 Domoe.''

223 1766 311 1840 Quia
320 1764 477 1845 [deberem
494 1767 600 1854 Regni
613 1767 868 1854 gubernaculum
882 1769 1101 1854 praetendens,

159 1877 201 1940 ab
221 1877 392 1942 Heriosooe
418 1876 529 1954 fratre,
554 1888 634 1942 natu
650 1878 793 1963 juniore,
815 1899 918 1943 caesus
939 1876 1020 1955 fuit3
1045 1877 1104 1942 sed

159 1981 280 2047 Remus
294 2004 312 2046 e
328 1993 442 2047 contre
458 1983 635 2062 alterneto,
646 1985 774 2050 seniore
789 1996 878 2061 natu,
895 1983 1103 2061 interfectum

161 2086 251 2170 qubd
264 2109 324 2172 per
346 2091 672 2174 contemptumurbis
695 2092 810 2157 rnaenia
829 2114 915 2177 equo
937 2092 1106 2158 transiliis-

163 2202 223 2256 set.
270 2190 366 2256 Unde
383 2190 479 2256 Ovid.

184 2330 205 2361 “
217 2319 342 2386 Mceooo
351 2341 458 2406 porea
469 2320 574 2407 prius,
589 2322 646 2388 sed
657 2323 800 2410 quamuis
809 2322 1031 2409 pervasum,

214 2427 290 2494 Non
305 2439 408 2494 tomen
422 2427 560 2514 expediit
571 2430 744 2496 transiliise
759 2429 888 2498 Remo?

166 2559 352 2635 Ceeterum3
381 2557 449 2620 sine
474 2577 634 2623 armorum
651 2558 809 2645 potentio,
835 2556 1025 2624 Electorum
1039 2558 1109 2642 sof-

154 2666 297 2750 fragiis,
326 2672 359 2729 et
383 2665 477 2729 avitae
502 2665 702 2730 haereditetis
720 2665 882 2750 procopio
897 2666 930 2728 in
944 2663 1108 2730 Hibemii

166 2774 269 2838 omnis
284 2773 326 2836 ad
343 2794 530 2856 supremum
544 2771 717 2858 cujuslibet
730 2771 856 2837 familiae
872 2771 1107 2857 Magistratum

165 2875 342 2962 praeclusus
358 2877 419 2940 suit
435 2878 551 2942 aditus,

229 2981 329 3059 Quod
351 2984 394 3048 ad
413 2985 650 3050 successionem
672 2987 810 3051 attinet:
835 2985 1002 3071 superstiti
1018 2985 1108 3070 prin-

166 3095 229 3178 cipi
241 3114 408 3180 successcr
421 3091 663 3177 designabatur,
676 3095 732 3178 qui
747 3115 765 3157 e
778 3093 855 3157 vivis
871 3091 1035 3157 sublatum
1049 3115 1107 3157 ex·
1189 3137 1191 3146 «

165 3202 299 3285 ciperet,
322 3215 393 3265 esto
413 3198 509 3276 filine,
536 3210 592 3262 aut
615 3197 727 3277 frater,
751 3210 808 3264 aut
833 3199 915 3264 eiius
936 3197 1106 3283 digniore

165 3307 286 3372 famili&
312 3320 461 3395 agnotus.
506 3306 607 3372 Hunc
632 3309 774 3374 Toioiste
796 3307 921 3383 dixere,
948 3305 1106 3372 vocabulo

167 3414 210 3477 ob
240 3414 386 3478 annulari
407 3415 510 3501 digito
532 3412 704 3492 translet03
727 3415 782 3498 qui
800 3414 885 3478 sicut
905 3414 1047 3478 medium
1073 3425 1107 3479 et

167 3521 252 3598 loco,
283 3531 316 3584 et
346 3520 548 3607 longitudine
571 3522 705 3608 propius
736 3521 878 3608 attingit,
900 3521 948 3586 ita
973 3521 1106 3586 Tooisto

48 3661 50 3666 .
165 3625 249 3704 loco,
281 3639 314 3692 et
341 3629 532 3694 auctoritate
559 3630 746 3714 aprincipe
775 3627 948 3693 secundus.
992 3623 1105 3710 Atque

166 3734 242 3798 hinc
254 3733 432 3799 -Taoiotriae
446 3733 526 3819 legis
538 3734 680 3801 tituiusa
695 3733 835 3802 Doot'rio
850 3735 883 3798 io
896 3754 973 3800 coru
992 3731 1104 3798 Taete-
