<?xml version="1.0" encoding="UTF-8"?>
<!DOCTYPE html PUBLIC "-//W3C//DTD XHTML 1.0 Transitional//EN"
    "http://www.w3.org/TR/xhtml1/DTD/xhtml1-transitional.dtd">
<html xmlns="http://www.w3.org/1999/xhtml" xml:lang="en" lang="en">
 <head>
  <title>
</title>
<meta http-equiv="Content-Type" content="text/html;charset=utf-8" />
  <meta name='ocr-system' content='tesseract 3.04.00' />
  <meta name='ocr-capabilities' content='ocr_page ocr_carea ocr_par ocr_line ocrx_word'/>
</head>
<body>
  <div class='ocr_page' id='page_1' title='image "./historicadescri00daggoog_0105.png"; bbox 0 0 2440 4292; ppageno 0'>
   <div class='ocr_carea' id='block_1_1' title="bbox 177 279 736 352">
    <p class='ocr_par' dir='ltr' id='par_1_1' title="bbox 177 279 736 352">
     <span class='ocr_line' id='line_1_1' title="bbox 177 279 736 352; baseline 0.004 -6"><span class='ocrx_word' id='word_1_1' title='bbox 177 279 220 346; x_wconf 85' lang='lat'><strong>90</strong></span> <span class='ocrx_word' id='word_1_2' title='bbox 558 299 736 352; x_wconf 81' lang='lat' dir='ltr'><strong>urarann.</strong></span> 
     </span>
    </p>
   </div>
   <div class='ocr_carea' id='block_1_2' title="bbox 103 451 1128 3746">
    <p class='ocr_par' dir='ltr' id='par_1_2' title="bbox 103 451 1128 3746">
     <span class='ocr_line' id='line_1_2' title="bbox 176 451 1124 533; baseline -0.002 -9"><span class='ocrx_word' id='word_1_3' title='bbox 176 451 303 531; x_wconf 71' lang='lat' dir='ltr'><strong>uaturt,</strong></span> <span class='ocrx_word' id='word_1_4' title='bbox 330 461 406 523; x_wconf 79' lang='lat' dir='ltr'><strong>ante</strong></span> <span class='ocrx_word' id='word_1_5' title='bbox 427 451 581 522; x_wconf 83' lang='lat' dir='ltr'><strong>soeculum</strong></span> <span class='ocrx_word' id='word_1_6' title='bbox 603 453 821 533; x_wconf 85' lang='lat' dir='ltr'><strong>undecimum,</strong></span> <span class='ocrx_word' id='word_1_7' title='bbox 842 461 881 524; x_wconf 86' lang='lat' dir='ltr'><strong>ut</strong></span> <span class='ocrx_word' id='word_1_8' title='bbox 903 451 1124 533; x_wconf 65' lang='lat' dir='ltr'><strong>antenorea,</strong></span> 
     </span>
     <span class='ocr_line' id='line_1_3' title="bbox 153 557 1125 645; baseline 0.004 -19"><span class='ocrx_word' id='word_1_9' title='bbox 153 563 155 568; x_wconf 84' lang='lat'>&#39;</span> <span class='ocrx_word' id='word_1_10' title='bbox 177 557 292 631; x_wconf 87' lang='lat' dir='ltr'>nullibi</span> <span class='ocrx_word' id='word_1_11' title='bbox 305 559 417 628; x_wconf 86' lang='lat' dir='ltr'><strong>audita</strong></span> <span class='ocrx_word' id='word_1_12' title='bbox 430 571 487 628; x_wconf 86' lang='lat' dir='ltr'><strong>aut</strong></span> <span class='ocrx_word' id='word_1_13' title='bbox 500 558 585 629; x_wconf 81' lang='lat' dir='ltr'><strong>lecta</strong></span> <span class='ocrx_word' id='word_1_14' title='bbox 598 559 673 643; x_wconf 87' lang='lat' dir='ltr'><strong>fuit)</strong></span> <span class='ocrx_word' id='word_1_15' title='bbox 685 558 759 645; x_wconf 86' lang='lat' dir='ltr'><strong>plus</strong></span> <span class='ocrx_word' id='word_1_16' title='bbox 770 558 870 645; x_wconf 67' lang='lat' dir='ltr'><strong>quam</strong></span> <span class='ocrx_word' id='word_1_17' title='bbox 881 557 1125 644; x_wconf 73' lang='lat' dir='ltr'><strong>posticariam-</strong></span> 
     </span>
     <span class='ocr_line' id='line_1_4' title="bbox 178 664 1123 753; baseline -0.002 -19"><span class='ocrx_word' id='word_1_18' title='bbox 178 664 224 734; x_wconf 80' lang='lat' dir='ltr'><strong>tit</strong></span> <span class='ocrx_word' id='word_1_19' title='bbox 242 665 408 746; x_wconf 79' lang='lat' dir='ltr'><strong>adscribit,</strong></span> <span class='ocrx_word' id='word_1_20' title='bbox 435 676 472 734; x_wconf 90' lang='lat' dir='ltr'><strong>ut</strong></span> <span class='ocrx_word' id='word_1_21' title='bbox 484 678 576 753; x_wconf 85' lang='lat' dir='ltr'><strong>patet</strong></span> <span class='ocrx_word' id='word_1_22' title='bbox 590 689 633 734; x_wconf 80' lang='lat' dir='ltr'><strong>en</strong></span> <span class='ocrx_word' id='word_1_23' title='bbox 657 665 852 734; x_wconf 83' lang='lat' dir='ltr'><strong>carminibus</strong></span> <span class='ocrx_word' id='word_1_24' title='bbox 871 685 973 752; x_wconf 82' lang='lat' dir='ltr'><strong>supra</strong></span> <span class='ocrx_word' id='word_1_25' title='bbox 987 665 1123 742; x_wconf 77' lang='lat' dir='ltr'><strong>amatis,</strong></span> 
     </span>
     <span class='ocr_line' id='line_1_5' title="bbox 177 768 1123 858; baseline -0.006 -16"><span class='ocrx_word' id='word_1_26' title='bbox 177 794 212 858; x_wconf 83' lang='lat' dir='ltr'><strong>p.</strong></span> <span class='ocrx_word' id='word_1_27' title='bbox 225 771 278 842; x_wconf 69' lang='lat'><strong>23.</strong></span> <span class='ocrx_word' id='word_1_28' title='bbox 291 771 325 836; x_wconf 91' lang='lat' dir='ltr'><strong>in</strong></span> <span class='ocrx_word' id='word_1_29' title='bbox 340 773 459 858; x_wconf 88' lang='lat' dir='ltr'><strong>quibus</strong></span> <span class='ocrx_word' id='word_1_30' title='bbox 472 773 589 844; x_wconf 88' lang='lat' dir='ltr'><strong>Scotcs</strong></span> <span class='ocrx_word' id='word_1_31' title='bbox 605 773 667 838; x_wconf 85' lang='lat' dir='ltr'><strong>sub</strong></span> <span class='ocrx_word' id='word_1_32' title='bbox 682 769 801 838; x_wconf 84' lang='lat' dir='ltr'><strong>Carolo</strong></span> <span class='ocrx_word' id='word_1_33' title='bbox 816 768 942 856; x_wconf 84' lang='lat' dir='ltr'><strong>Magno</strong></span> <span class='ocrx_word' id='word_1_34' title='bbox 956 781 1123 838; x_wconf 79' lang='lat' dir='ltr'><strong>merentes</strong></span> 
     </span>
     <span class='ocr_line' id='line_1_6' title="bbox 177 876 1126 963; baseline 0 -19"><span class='ocrx_word' id='word_1_35' title='bbox 177 876 266 944; x_wconf 88' lang='lat' dir='ltr'><strong>velut</strong></span> <span class='ocrx_word' id='word_1_36' title='bbox 284 901 361 950; x_wconf 82' lang='lat' dir='ltr'><strong>suos</strong></span> <span class='ocrx_word' id='word_1_37' title='bbox 379 879 568 952; x_wconf 85' lang='lat' dir='ltr'><strong>introducit,</strong></span> <span class='ocrx_word' id='word_1_38' title='bbox 611 878 698 953; x_wconf 73' lang='lat' dir='ltr'><strong>Qua</strong></span> <span class='ocrx_word' id='word_1_39' title='bbox 713 888 747 946; x_wconf 87' lang='lat' dir='ltr'><strong>et</strong></span> <span class='ocrx_word' id='word_1_40' title='bbox 761 879 789 948; x_wconf 84' lang='lat' dir='ltr'><strong>ai</strong></span> <span class='ocrx_word' id='word_1_41' title='bbox 803 899 880 944; x_wconf 86' lang='lat' dir='ltr'><strong>vera</strong></span> <span class='ocrx_word' id='word_1_42' title='bbox 893 877 1036 963; x_wconf 87' lang='lat' dir='ltr'><strong>quidem,</strong></span> <span class='ocrx_word' id='word_1_43' title='bbox 1051 876 1126 950; x_wconf 88' lang='lat' dir='ltr'><strong>Bu-</strong></span> 
     </span>
     <span class='ocr_line' id='line_1_7' title="bbox 178 983 1124 1062; baseline -0.002 -10"><span class='ocrx_word' id='word_1_44' title='bbox 178 983 339 1055; x_wconf 83' lang='lat' dir='ltr'><strong>channaui</strong></span> <span class='ocrx_word' id='word_1_45' title='bbox 360 997 468 1056; x_wconf 73' lang='lat' dir='ltr'><strong>nmen</strong></span> <span class='ocrx_word' id='word_1_46' title='bbox 489 1009 588 1058; x_wconf 83' lang='lat' dir='ltr'><strong>sensu</strong></span> <span class='ocrx_word' id='word_1_47' title='bbox 613 983 695 1055; x_wconf 80' lang='lat' dir='ltr'><strong>falsa</strong></span> <span class='ocrx_word' id='word_1_48' title='bbox 720 985 849 1056; x_wconf 86' lang='lat' dir='ltr'><strong>omnino</strong></span> <span class='ocrx_word' id='word_1_49' title='bbox 863 983 1017 1052; x_wconf 82' lang='lat' dir='ltr'><strong>habenda</strong></span> <span class='ocrx_word' id='word_1_50' title='bbox 1031 996 1124 1062; x_wconf 85' lang='lat' dir='ltr'><strong>sunt,</strong></span> 
     </span>
     <span class='ocr_line' id='line_1_8' title="bbox 179 1091 1122 1178; baseline 0 -20"><span class='ocrx_word' id='word_1_51' title='bbox 179 1103 217 1159; x_wconf 91' lang='lat' dir='ltr'><strong>ut</strong></span> <span class='ocrx_word' id='word_1_52' title='bbox 239 1094 311 1178; x_wconf 83' lang='lat' dir='ltr'><strong>ipsa</strong></span> <span class='ocrx_word' id='word_1_53' title='bbox 327 1093 496 1164; x_wconf 87' lang='lat' dir='ltr'><strong>Gallorum</strong></span> <span class='ocrx_word' id='word_1_54' title='bbox 521 1094 705 1165; x_wconf 85' lang='lat' dir='ltr'><strong>testimonia</strong></span> <span class='ocrx_word' id='word_1_55' title='bbox 728 1092 895 1161; x_wconf 86' lang='lat' dir='ltr'><strong>evidenter</strong></span> <span class='ocrx_word' id='word_1_56' title='bbox 923 1091 1122 1171; x_wconf 88' lang='lat' dir='ltr'><strong>ostendunt;</strong></span> 
     </span>
     <span class='ocr_line' id='line_1_9' title="bbox 179 1197 1124 1288; baseline 0.003 -23"><span class='ocrx_word' id='word_1_57' title='bbox 179 1221 218 1266; x_wconf 84' lang='lat' dir='ltr'><strong>ac</strong></span> <span class='ocrx_word' id='word_1_58' title='bbox 233 1201 392 1286; x_wconf 84' lang='lat' dir='ltr'><strong>imprimis</strong></span> <span class='ocrx_word' id='word_1_59' title='bbox 408 1200 596 1288; x_wconf 88' lang='lat' dir='ltr'><strong>Eginardus</strong></span> <span class='ocrx_word' id='word_1_60' title='bbox 611 1201 645 1265; x_wconf 95' lang='lat' dir='ltr'><strong>in</strong></span> <span class='ocrx_word' id='word_1_61' title='bbox 660 1200 725 1266; x_wconf 79' lang='lat' dir='ltr'><strong>vita</strong></span> <span class='ocrx_word' id='word_1_62' title='bbox 736 1198 845 1265; x_wconf 88' lang='lat' dir='ltr'><strong>Caroli</strong></span> <span class='ocrx_word' id='word_1_63' title='bbox 853 1197 981 1285; x_wconf 81' lang='lat' dir='ltr'><strong>Magni,</strong></span> <span class='ocrx_word' id='word_1_64' title='bbox 994 1200 1048 1266; x_wconf 89' lang='lat' dir='ltr'><strong>cui</strong></span> <span class='ocrx_word' id='word_1_65' title='bbox 1063 1199 1124 1268; x_wconf 85' lang='lat' dir='ltr'><strong>Se-</strong></span> 
     </span>
     <span class='ocr_line' id='line_1_10' title="bbox 179 1303 1126 1392; baseline -0.002 -18"><span class='ocrx_word' id='word_1_66' title='bbox 179 1307 336 1374; x_wconf 86' lang='lat' dir='ltr'><strong>cretarius</strong></span> <span class='ocrx_word' id='word_1_67' title='bbox 350 1305 489 1392; x_wconf 78' lang='lat' dir='ltr'><strong>primirm</strong></span> <span class='ocrx_word' id='word_1_68' title='bbox 511 1317 545 1376; x_wconf 92' lang='lat' dir='ltr'><strong>et</strong></span> <span class='ocrx_word' id='word_1_69' title='bbox 566 1306 685 1372; x_wconf 92' lang='lat' dir='ltr'><strong>deinde</strong></span> <span class='ocrx_word' id='word_1_70' title='bbox 700 1326 801 1392; x_wconf 86' lang='lat' dir='ltr'><strong>gener</strong></span> <span class='ocrx_word' id='word_1_71' title='bbox 815 1304 888 1370; x_wconf 80' lang='lat' dir='ltr'><strong>fuit.</strong></span> <span class='ocrx_word' id='word_1_72' title='bbox 935 1303 1126 1385; x_wconf 87' lang='lat' dir='ltr'><strong>Sc&#39;otorum,</strong></span> 
     </span>
     <span class='ocr_line' id='line_1_11' title="bbox 178 1409 1124 1498; baseline -0.001 -21"><span class='ocrx_word' id='word_1_73' title='bbox 178 1411 295 1497; x_wconf 88' lang='lat' dir='ltr'><strong>inquit,</strong></span> <span class='ocrx_word' id='word_1_74' title='bbox 321 1433 417 1498; x_wconf 89' lang='lat' dir='ltr'><strong>reges</strong></span> <span class='ocrx_word' id='word_1_75' title='bbox 441 1412 487 1476; x_wconf 88' lang='lat' dir='ltr'><strong>sic</strong></span> <span class='ocrx_word' id='word_1_76' title='bbox 506 1411 624 1477; x_wconf 85' lang='lat' dir='ltr'><strong>habuit</strong></span> <span class='ocrx_word' id='word_1_77' title='bbox 653 1411 695 1476; x_wconf 90' lang='lat' dir='ltr'><strong>ad</strong></span> <span class='ocrx_word' id='word_1_78' title='bbox 717 1433 807 1476; x_wconf 86' lang='lat' dir='ltr'><strong>suam</strong></span> <span class='ocrx_word' id='word_1_79' title='bbox 828 1409 1038 1488; x_wconf 87' lang='lat' dir='ltr'><strong>voluntatem,</strong></span> <span class='ocrx_word' id='word_1_80' title='bbox 1060 1433 1124 1498; x_wconf 87' lang='lat' dir='ltr'><strong>per</strong></span> 
     </span>
     <span class='ocr_line' id='line_1_12' title="bbox 178 1518 1125 1609; baseline 0.001 -25"><span class='ocrx_word' id='word_1_81' title='bbox 178 1540 271 1584; x_wconf 82' lang='lat' dir='ltr'><strong>suam</strong></span> <span class='ocrx_word' id='word_1_82' title='bbox 293 1518 555 1598; x_wconf 88' lang='lat' dir='ltr'><strong>munificentiam,</strong></span> <span class='ocrx_word' id='word_1_83' title='bbox 584 1518 765 1597; x_wconf 86' lang='lat' dir='ltr'><strong>inclinatos,</strong></span> <span class='ocrx_word' id='word_1_84' title='bbox 794 1529 832 1584; x_wconf 91' lang='lat' dir='ltr'><strong>ut</strong></span> <span class='ocrx_word' id='word_1_85' title='bbox 860 1541 936 1584; x_wconf 88' lang='lat' dir='ltr'><strong>eum</strong></span> <span class='ocrx_word' id='word_1_86' title='bbox 956 1541 1125 1609; x_wconf 87' lang='lat' dir='ltr'><strong>nunquam</strong></span> 
     </span>
     <span class='ocr_line' id='line_1_13' title="bbox 181 1625 1123 1714; baseline -0.002 -22"><span class='ocrx_word' id='word_1_87' title='bbox 181 1625 286 1705; x_wconf 85' lang='lat' dir='ltr'><strong>aliter,</strong></span> <span class='ocrx_word' id='word_1_88' title='bbox 298 1627 396 1714; x_wconf 75' lang='lat' dir='ltr'><strong>quam</strong></span> <span class='ocrx_word' id='word_1_89' title='bbox 406 1625 594 1704; x_wconf 90' lang='lat' dir='ltr'><strong>Dominum,</strong></span> <span class='ocrx_word' id='word_1_90' title='bbox 609 1647 709 1712; x_wconf 85' lang='lat' dir='ltr'><strong>seque</strong></span> <span class='ocrx_word' id='word_1_91' title='bbox 721 1625 869 1694; x_wconf 87' lang='lat' dir='ltr'><strong>subditos</strong></span> <span class='ocrx_word' id='word_1_92' title='bbox 879 1648 916 1692; x_wconf 85' lang='lat' dir='ltr'><strong>ac</strong></span> <span class='ocrx_word' id='word_1_93' title='bbox 926 1647 1036 1692; x_wconf 87' lang='lat' dir='ltr'><strong>servos</strong></span> <span class='ocrx_word' id='word_1_94' title='bbox 1051 1625 1123 1710; x_wconf 90' lang='lat' dir='ltr'><strong>ejus</strong></span> 
     </span>
     <span class='ocr_line' id='line_1_14' title="bbox 179 1732 1124 1822; baseline -0.002 -22"><span class='ocrx_word' id='word_1_95' title='bbox 179 1736 444 1822; x_wconf 84' lang='lat' dir='ltr'><strong>pronunciarent.</strong></span> <span class='ocrx_word' id='word_1_96' title='bbox 459 1735 558 1802; x_wconf 89' lang='lat' dir='ltr'><strong>Dicet</strong></span> <span class='ocrx_word' id='word_1_97' title='bbox 572 1732 657 1801; x_wconf 83' lang='lat' dir='ltr'><strong>forte</strong></span> <span class='ocrx_word' id='word_1_98' title='bbox 667 1732 921 1812; x_wconf 86' lang='lat' dir='ltr'><strong>Buchannanus‚</strong></span> <span class='ocrx_word' id='word_1_99' title='bbox 933 1756 993 1819; x_wconf 91' lang='lat' dir='ltr'><strong>per</strong></span> <span class='ocrx_word' id='word_1_100' title='bbox 1004 1733 1124 1800; x_wconf 84' lang='lat' dir='ltr'><strong>Scotos</strong></span> 
     </span>
     <span class='ocr_line' id='line_1_15' title="bbox 180 1842 1125 1930; baseline -0.006 -16"><span class='ocrx_word' id='word_1_101' title='bbox 180 1846 227 1914; x_wconf 90' lang='lat' dir='ltr'><strong>ibi</strong></span> <span class='ocrx_word' id='word_1_102' title='bbox 241 1867 307 1910; x_wconf 92' lang='lat' dir='ltr'><strong>non</strong></span> <span class='ocrx_word' id='word_1_103' title='bbox 321 1843 456 1930; x_wconf 82' lang='lat' dir='ltr'><strong>intelligi</strong></span> <span class='ocrx_word' id='word_1_104' title='bbox 469 1842 656 1912; x_wconf 86' lang='lat' dir='ltr'><strong>Hibernos:</strong></span> <span class='ocrx_word' id='word_1_105' title='bbox 677 1845 730 1910; x_wconf 89' lang='lat' dir='ltr'><strong>cui</strong></span> <span class='ocrx_word' id='word_1_106' title='bbox 744 1856 778 1910; x_wconf 89' lang='lat' dir='ltr'><strong>et</strong></span> <span class='ocrx_word' id='word_1_107' title='bbox 792 1867 855 1930; x_wconf 89' lang='lat' dir='ltr'><strong>ego</strong></span> <span class='ocrx_word' id='word_1_108' title='bbox 870 1866 1015 1930; x_wconf 63' lang='lat' dir='ltr'><strong>repono,</strong></span> <span class='ocrx_word' id='word_1_109' title='bbox 1032 1855 1125 1908; x_wconf 88' lang='lat' dir='ltr'><strong>verte</strong></span> 
     </span>
     <span class='ocr_line' id='line_1_16' title="bbox 181 1949 1124 2039; baseline 0.002 -23"><span class='ocrx_word' id='word_1_110' title='bbox 181 1951 297 2018; x_wconf 75' lang='lat' dir='ltr'><strong>solium</strong></span> <span class='ocrx_word' id='word_1_111' title='bbox 313 1951 355 2016; x_wconf 90' lang='lat' dir='ltr'><strong>ad</strong></span> <span class='ocrx_word' id='word_1_112' title='bbox 371 1975 488 2018; x_wconf 88' lang='lat' dir='ltr'><strong>annum</strong></span> <span class='ocrx_word' id='word_1_113' title='bbox 504 1953 579 2030; x_wconf 72' lang='lat'><strong>812,</strong></span> <span class='ocrx_word' id='word_1_114' title='bbox 595 1962 628 2016; x_wconf 91' lang='lat' dir='ltr'><strong>et</strong></span> <span class='ocrx_word' id='word_1_115' title='bbox 642 1951 727 2039; x_wconf 86' lang='lat' dir='ltr'><strong>lege.</strong></span> <span class='ocrx_word' id='word_1_116' title='bbox 765 1952 912 2038; x_wconf 82' lang='lat' dir='ltr'><strong>Noracgi</strong></span> <span class='ocrx_word' id='word_1_117' title='bbox 927 1949 1124 2018; x_wconf 78' lang='lat' dir='ltr'><strong>Hiberniam</strong></span> 
     </span>
     <span class='ocr_line' id='line_1_17' title="bbox 179 2055 1127 2146; baseline 0.002 -22"><span class='ocrx_word' id='word_1_118' title='bbox 179 2055 239 2140; x_wconf 89' lang='lat' dir='ltr'><strong>(N.</strong></span> <span class='ocrx_word' id='word_1_119' title='bbox 250 2057 303 2138; x_wconf 78' lang='grc' dir='ltr'><strong>Β.)</strong></span> <span class='ocrx_word' id='word_1_120' title='bbox 320 2055 484 2124; x_wconf 82' lang='lat' dir='ltr'><strong>Scotorum</strong></span> <span class='ocrx_word' id='word_1_121' title='bbox 492 2057 637 2124; x_wconf 72' lang='lat' dir='ltr'><strong>Insulam</strong></span> <span class='ocrx_word' id='word_1_122' title='bbox 650 2059 802 2146; x_wconf 72' lang='lat' dir='ltr'><strong>aggressi</strong></span> <span class='ocrx_word' id='word_1_123' title='bbox 816 2082 837 2126; x_wconf 89' lang='lat' dir='ltr'><strong>a</strong></span> <span class='ocrx_word' id='word_1_124' title='bbox 848 2057 955 2124; x_wconf 81' lang='lat' dir='ltr'><strong>Sectis</strong></span> <span class='ocrx_word' id='word_1_125' title='bbox 965 2059 1000 2125; x_wconf 91' lang='lat' dir='ltr'><strong>in</strong></span> <span class='ocrx_word' id='word_1_126' title='bbox 1013 2058 1127 2144; x_wconf 80' lang='lat' dir='ltr'><strong>fugam</strong></span> 
     </span>
     <span class='ocr_line' id='line_1_18' title="bbox 182 2163 1127 2252; baseline 0 -22"><span class='ocrx_word' id='word_1_127' title='bbox 182 2164 328 2230; x_wconf 88' lang='lat' dir='ltr'><strong>conversi</strong></span> <span class='ocrx_word' id='word_1_128' title='bbox 344 2175 429 2230; x_wconf 88' lang='lat' dir='ltr'><strong>sunt.</strong></span> <span class='ocrx_word' id='word_1_129' title='bbox 475 2163 521 2230; x_wconf 86' lang='lat' dir='ltr'><strong>Et</strong></span> <span class='ocrx_word' id='word_1_130' title='bbox 536 2165 563 2230; x_wconf 84' lang='lat' dir='ltr'><strong>si</strong></span> <span class='ocrx_word' id='word_1_131' title='bbox 577 2163 640 2230; x_wconf 91' lang='lat' dir='ltr'><strong>hoc</strong></span> <span class='ocrx_word' id='word_1_132' title='bbox 655 2188 722 2230; x_wconf 90' lang='lat' dir='ltr'><strong>non</strong></span> <span class='ocrx_word' id='word_1_133' title='bbox 736 2165 885 2246; x_wconf 88' lang='lat' dir='ltr'><strong>sufficiat,</strong></span> <span class='ocrx_word' id='word_1_134' title='bbox 899 2164 972 2252; x_wconf 87' lang='lat' dir='ltr'><strong>lege</strong></span> <span class='ocrx_word' id='word_1_135' title='bbox 988 2163 1022 2232; x_wconf 89' lang='lat' dir='ltr'><strong>S.</strong></span> <span class='ocrx_word' id='word_1_136' title='bbox 1038 2165 1127 2230; x_wconf 91' lang='lat' dir='ltr'><strong>Not-</strong></span> 
     </span>
     <span class='ocr_line' id='line_1_19' title="bbox 182 2269 1127 2358; baseline -0.001 -22"><span class='ocrx_word' id='word_1_137' title='bbox 182 2274 290 2338; x_wconf 83' lang='lat' dir='ltr'><strong>keram</strong></span> <span class='ocrx_word' id='word_1_138' title='bbox 306 2269 547 2358; x_wconf 77' lang='lat' dir='ltr'><strong>Sangallensam</strong></span> <span class='ocrx_word' id='word_1_139' title='bbox 563 2272 609 2338; x_wconf 89' lang='lat' dir='ltr'><strong>sic</strong></span> <span class='ocrx_word' id='word_1_140' title='bbox 629 2274 844 2339; x_wconf 85' lang='lat' dir='ltr'><strong>scribentem:</strong></span> <span class='ocrx_word' id='word_1_141' title='bbox 868 2271 942 2339; x_wconf 78' lang='lat' dir='ltr'><strong>edm</strong></span> <span class='ocrx_word' id='word_1_142' title='bbox 955 2272 1042 2336; x_wconf 90' lang='lat' dir='ltr'><strong>idern</strong></span> <span class='ocrx_word' id='word_1_143' title='bbox 1061 2271 1127 2336; x_wconf 87' lang='lat' dir='ltr'><strong>Ca·</strong></span> 
     </span>
     <span class='ocr_line' id='line_1_20' title="bbox 182 2359 1127 2463; baseline 0.002 -23"><span class='ocrx_word' id='word_1_144' title='bbox 182 2377 269 2441; x_wconf 81' lang='lat' dir='ltr'><strong>rotas</strong></span> <span class='ocrx_word' id='word_1_145' title='bbox 290 2398 430 2462; x_wconf 86' lang='lat' dir='ltr'><strong>regnare</strong></span> <span class='ocrx_word' id='word_1_146' title='bbox 451 2376 617 2462; x_wconf 86' lang='lat' dir='ltr'><strong>coepisset,</strong></span> <span class='ocrx_word' id='word_1_147' title='bbox 638 2387 673 2442; x_wconf 89' lang='lat' dir='ltr'><strong>et</strong></span> <span class='ocrx_word' id='word_1_148' title='bbox 688 2359 988 2443; x_wconf 51' lang='lat' dir='ltr'><strong>studia&#39;litterarum</strong></span> <span class='ocrx_word' id='word_1_149' title='bbox 1002 2377 1127 2463; x_wconf 88' lang='lat' dir='ltr'><strong>ubique</strong></span> 
     </span>
     <span class='ocr_line' id='line_1_21' title="bbox 183 2480 1125 2570; baseline -0.003 -20"><span class='ocrx_word' id='word_1_150' title='bbox 183 2482 419 2570; x_wconf 83' lang='lat' dir='ltr'><strong>propemodirm</strong></span> <span class='ocrx_word' id='word_1_151' title='bbox 433 2496 542 2550; x_wconf 86' lang='lat' dir='ltr'><strong>essent</strong></span> <span class='ocrx_word' id='word_1_152' title='bbox 557 2487 590 2550; x_wconf 92' lang='lat' dir='ltr'><strong>in</strong></span> <span class='ocrx_word' id='word_1_153' title='bbox 605 2483 777 2562; x_wconf 89' lang='lat' dir='ltr'><strong>oblivione,</strong></span> <span class='ocrx_word' id='word_1_154' title='bbox 802 2483 938 2568; x_wconf 89' lang='lat' dir='ltr'><strong>contigit</strong></span> <span class='ocrx_word' id='word_1_155' title='bbox 953 2483 1034 2548; x_wconf 91' lang='lat' dir='ltr'><strong>duos</strong></span> <span class='ocrx_word' id='word_1_156' title='bbox 1048 2480 1125 2547; x_wconf 79' lang='lat' dir='ltr'><strong>Sco·</strong></span> 
     </span>
     <span class='ocr_line' id='line_1_22' title="bbox 184 2591 1128 2662; baseline -0.003 -4"><span class='ocrx_word' id='word_1_157' title='bbox 184 2604 234 2662; x_wconf 81' lang='lat' dir='ltr'><strong>tor</strong></span> <span class='ocrx_word' id='word_1_158' title='bbox 248 2592 289 2659; x_wconf 89' lang='lat' dir='ltr'><strong>de</strong></span> <span class='ocrx_word' id='word_1_159' title='bbox 305 2592 465 2661; x_wconf 88' lang='lat' dir='ltr'><strong>Hibernia</strong></span> <span class='ocrx_word' id='word_1_160' title='bbox 479 2594 513 2658; x_wconf 91' lang='lat' dir='ltr'><strong>in</strong></span> <span class='ocrx_word' id='word_1_161' title='bbox 526 2592 617 2658; x_wconf 87' lang='lat' dir='ltr'><strong>littus</strong></span> <span class='ocrx_word' id='word_1_162' title='bbox 634 2591 799 2659; x_wconf 87' lang='lat' dir='ltr'><strong>Gallicum</strong></span> <span class='ocrx_word' id='word_1_163' title='bbox 815 2591 966 2657; x_wconf 88' lang='lat' dir='ltr'><strong>devenire</strong></span> <span class='ocrx_word' id='word_1_164' title='bbox 982 2592 1068 2656; x_wconf 87' lang='lat' dir='ltr'><strong>viros</strong></span> <span class='ocrx_word' id='word_1_165' title='bbox 1091 2602 1128 2656; x_wconf 91' lang='lat' dir='ltr'><strong>et</strong></span> 
     </span>
     <span class='ocr_line' id='line_1_23' title="bbox 183 2698 1128 2786; baseline -0.003 -20"><span class='ocrx_word' id='word_1_166' title='bbox 183 2703 218 2766; x_wconf 91' lang='lat' dir='ltr'><strong>in</strong></span> <span class='ocrx_word' id='word_1_167' title='bbox 233 2700 443 2781; x_wconf 82' lang='lat' dir='ltr'><strong>secularibus,</strong></span> <span class='ocrx_word' id='word_1_168' title='bbox 454 2713 488 2766; x_wconf 91' lang='lat' dir='ltr'><strong>et</strong></span> <span class='ocrx_word' id='word_1_169' title='bbox 501 2701 535 2764; x_wconf 92' lang='lat' dir='ltr'><strong>in</strong></span> <span class='ocrx_word' id='word_1_170' title='bbox 551 2699 659 2766; x_wconf 86' lang='lat' dir='ltr'><strong>Sacris</strong></span> <span class='ocrx_word' id='word_1_171' title='bbox 674 2699 851 2784; x_wconf 88' lang='lat' dir='ltr'><strong>Scripturis</strong></span> <span class='ocrx_word' id='word_1_172' title='bbox 866 2698 1128 2786; x_wconf 88' lang='lat' dir='ltr'><strong>incomparabili-</strong></span> 
     </span>
     <span class='ocr_line' id='line_1_24' title="bbox 185 2805 1126 2891; baseline 0.007 -23"><span class='ocrx_word' id='word_1_173' title='bbox 185 2817 236 2868; x_wconf 84' lang='lat' dir='ltr'><strong>ter</strong></span> <span class='ocrx_word' id='word_1_174' title='bbox 251 2805 408 2870; x_wconf 84' lang='lat' dir='ltr'><strong>eruditos.</strong></span> <span class='ocrx_word' id='word_1_175' title='bbox 452 2806 582 2871; x_wconf 90' lang='lat' dir='ltr'><strong>Horum</strong></span> <span class='ocrx_word' id='word_1_176' title='bbox 596 2827 683 2873; x_wconf 86' lang='lat' dir='ltr'><strong>unus</strong></span> <span class='ocrx_word' id='word_1_177' title='bbox 694 2808 799 2891; x_wconf 89' lang='lat' dir='ltr'><strong>inquit</strong></span> <span class='ocrx_word' id='word_1_178' title='bbox 809 2807 1006 2889; x_wconf 70' lang='lat' dir='ltr'><strong>blahertiar,</strong></span> <span class='ocrx_word' id='word_1_179' title='bbox 1021 2808 1126 2875; x_wconf 76' lang='lat' dir='ltr'><strong>Cica-</strong></span> 
     </span>
     <span class='ocr_line' id='line_1_25' title="bbox 185 2910 1127 2993; baseline 0.006 -19"><span class='ocrx_word' id='word_1_180' title='bbox 185 2910 258 2975; x_wconf 80' lang='lat' dir='ltr'><strong>dias</strong></span> <span class='ocrx_word' id='word_1_181' title='bbox 289 2910 445 2991; x_wconf 80' lang='lat' dir='ltr'><strong>Clemens,</strong></span> <span class='ocrx_word' id='word_1_182' title='bbox 474 2911 662 2980; x_wconf 73' lang='lat' dir='ltr'><strong>Academiae</strong></span> <span class='ocrx_word' id='word_1_183' title='bbox 685 2914 891 2993; x_wconf 85' lang='lat' dir='ltr'><strong>Parisiensis,</strong></span> <span class='ocrx_word' id='word_1_184' title='bbox 927 2915 1010 2981; x_wconf 85' lang='lat' dir='ltr'><strong>alter</strong></span> <span class='ocrx_word' id='word_1_185' title='bbox 1046 2937 1127 2980; x_wconf 87' lang='lat' dir='ltr'><strong>vero</strong></span> 
     </span>
     <span class='ocr_line' id='line_1_26' title="bbox 103 3018 1126 3105; baseline 0.004 -23"><span class='ocrx_word' id='word_1_186' title='bbox 103 3056 105 3070; x_wconf 66' lang='grc' dir='ltr'>ι</span> <span class='ocrx_word' id='word_1_187' title='bbox 185 3019 330 3082; x_wconf 81' lang='lat' dir='ltr'><strong>Joaaaec</strong></span> <span class='ocrx_word' id='word_1_188' title='bbox 356 3018 469 3083; x_wconf 80' lang='lat' dir='ltr'><strong>Scotus</strong></span> <span class='ocrx_word' id='word_1_189' title='bbox 493 3019 652 3105; x_wconf 82' lang='lat' dir='ltr'><strong>Erigeaa,</strong></span> <span class='ocrx_word' id='word_1_190' title='bbox 677 3019 849 3105; x_wconf 85' lang='lat' dir='ltr'><strong>Papiensis</strong></span> <span class='ocrx_word' id='word_1_191' title='bbox 874 3019 1064 3086; x_wconf 67' lang='lat' dir='ltr'><strong>Academia</strong></span> <span class='ocrx_word' id='word_1_192' title='bbox 1091 3023 1126 3086; x_wconf 90' lang='lat' dir='ltr'><strong>in</strong></span> 
     </span>
     <span class='ocr_line' id='line_1_27' title="bbox 188 3122 1127 3214; baseline 0.002 -24"><span class='ocrx_word' id='word_1_193' title='bbox 188 3122 298 3202; x_wconf 83' lang='lat' dir='ltr'><strong>Italia,</strong></span> <span class='ocrx_word' id='word_1_194' title='bbox 308 3125 404 3209; x_wconf 84' lang='lat' dir='ltr'><strong>jussu</strong></span> <span class='ocrx_word' id='word_1_195' title='bbox 422 3126 535 3192; x_wconf 79' lang='lat' dir='ltr'><strong>Caroli</strong></span> <span class='ocrx_word' id='word_1_196' title='bbox 548 3126 680 3214; x_wconf 80' lang='lat' dir='ltr'><strong>Magni,</strong></span> <span class='ocrx_word' id='word_1_197' title='bbox 695 3128 785 3194; x_wconf 87' lang='lat' dir='ltr'><strong>initia</strong></span> <span class='ocrx_word' id='word_1_198' title='bbox 799 3127 919 3213; x_wconf 89' lang='lat' dir='ltr'><strong>posuit.</strong></span> <span class='ocrx_word' id='word_1_199' title='bbox 958 3125 1127 3214; x_wconf 84' lang='lat' dir='ltr'><strong>Suffraga-</strong></span> 
     </span>
     <span class='ocr_line' id='line_1_28' title="bbox 187 3230 1126 3319; baseline -0.002 -19"><span class='ocrx_word' id='word_1_200' title='bbox 187 3243 240 3300; x_wconf 87' lang='lat' dir='ltr'><strong>tur</strong></span> <span class='ocrx_word' id='word_1_201' title='bbox 262 3231 381 3298; x_wconf 89' lang='lat' dir='ltr'><strong>Ericus</strong></span> <span class='ocrx_word' id='word_1_202' title='bbox 403 3230 671 3312; x_wconf 87' lang='lat' dir='ltr'><strong>Antisidorensis,</strong></span> <span class='ocrx_word' id='word_1_203' title='bbox 698 3235 791 3319; x_wconf 88' lang='lat' dir='ltr'><strong>cujus</strong></span> <span class='ocrx_word' id='word_1_204' title='bbox 816 3233 888 3299; x_wconf 89' lang='lat' dir='ltr'><strong>haec</strong></span> <span class='ocrx_word' id='word_1_205' title='bbox 918 3243 993 3300; x_wconf 89' lang='lat' dir='ltr'><strong>sunt</strong></span> <span class='ocrx_word' id='word_1_206' title='bbox 1013 3235 1126 3311; x_wconf 86' lang='lat' dir='ltr'><strong>verba,</strong></span> 
     </span>
     <span class='ocr_line' id='line_1_29' title="bbox 186 3338 1127 3428; baseline 0.001 -24"><span class='ocrx_word' id='word_1_207' title='bbox 186 3339 311 3413; x_wconf 85' lang='lat' dir='ltr'><strong>“Quid</strong></span> <span class='ocrx_word' id='word_1_208' title='bbox 326 3339 518 3406; x_wconf 87' lang='lat' dir='ltr'><strong>Hiberniam</strong></span> <span class='ocrx_word' id='word_1_209' title='bbox 533 3363 791 3420; x_wconf 83' lang='lat' dir='ltr'><strong>commemorem,</strong></span> <span class='ocrx_word' id='word_1_210' title='bbox 816 3351 1002 3426; x_wconf 89' lang='lat' dir='ltr'><strong>contempto</strong></span> <span class='ocrx_word' id='word_1_211' title='bbox 1017 3338 1127 3428; x_wconf 87' lang='lat' dir='ltr'><strong>pelagi</strong></span> 
     </span>
     <span class='ocr_line' id='line_1_30' title="bbox 187 3445 1127 3539; baseline 0 -27"><span class='ocrx_word' id='word_1_212' title='bbox 187 3446 382 3524; x_wconf 86' lang='lat' dir='ltr'><strong>discrimine,</strong></span> <span class='ocrx_word' id='word_1_213' title='bbox 404 3471 488 3534; x_wconf 87' lang='lat' dir='ltr'><strong>pene</strong></span> <span class='ocrx_word' id='word_1_214' title='bbox 513 3459 616 3514; x_wconf 87' lang='lat' dir='ltr'><strong>totam</strong></span> <span class='ocrx_word' id='word_1_215' title='bbox 636 3471 710 3539; x_wconf 82' lang='lat' dir='ltr'><strong>cum</strong></span> <span class='ocrx_word' id='word_1_216' title='bbox 733 3469 833 3533; x_wconf 86' lang='lat' dir='ltr'><strong>grege</strong></span> <span class='ocrx_word' id='word_1_217' title='bbox 849 3445 1127 3532; x_wconf 90' lang='lat' dir='ltr'><strong>Philosophorum</strong></span> 
     </span>
     <span class='ocr_line' id='line_1_31' title="bbox 185 3551 1128 3641; baseline 0.006 -26"><span class='ocrx_word' id='word_1_218' title='bbox 185 3551 229 3616; x_wconf 81' lang='lat' dir='ltr'><strong>ad</strong></span> <span class='ocrx_word' id='word_1_219' title='bbox 238 3563 347 3616; x_wconf 80' lang='lat' dir='ltr'><strong>nostra</strong></span> <span class='ocrx_word' id='word_1_220' title='bbox 357 3551 526 3620; x_wconf 87' lang='lat' dir='ltr'><strong>Gallicana</strong></span> <span class='ocrx_word' id='word_1_221' title='bbox 540 3553 649 3621; x_wconf 88' lang='lat' dir='ltr'><strong>littora</strong></span> <span class='ocrx_word' id='word_1_222' title='bbox 663 3556 875 3640; x_wconf 67' lang='lat' dir='ltr'><strong>migrantem?</strong></span> <span class='ocrx_word' id='word_1_223' title='bbox 891 3577 1028 3639; x_wconf 88' lang='lat' dir='ltr'><strong>quorum</strong></span> <span class='ocrx_word' id='word_1_224' title='bbox 1038 3556 1128 3641; x_wconf 87' lang='lat' dir='ltr'><strong>quis-</strong></span> 
     </span>
     <span class='ocr_line' id='line_1_32' title="bbox 185 3659 1127 3746; baseline 0.004 -22"><span class='ocrx_word' id='word_1_225' title='bbox 185 3661 258 3746; x_wconf 89' lang='lat' dir='ltr'><strong>quis</strong></span> <span class='ocrx_word' id='word_1_226' title='bbox 273 3661 407 3746; x_wconf 89' lang='lat' dir='ltr'><strong>peritior</strong></span> <span class='ocrx_word' id='word_1_227' title='bbox 421 3676 483 3742; x_wconf 86' lang='lat' dir='ltr'><strong>est,</strong></span> <span class='ocrx_word' id='word_1_228' title='bbox 498 3663 584 3730; x_wconf 87' lang='lat' dir='ltr'><strong>ultro</strong></span> <span class='ocrx_word' id='word_1_229' title='bbox 607 3663 669 3731; x_wconf 86' lang='lat' dir='ltr'><strong>sibi</strong></span> <span class='ocrx_word' id='word_1_230' title='bbox 682 3663 796 3728; x_wconf 86' lang='lat' dir='ltr'><strong>indicit</strong></span> <span class='ocrx_word' id='word_1_231' title='bbox 817 3659 959 3738; x_wconf 85' lang='lat' dir='ltr'><strong>exilium,</strong></span> <span class='ocrx_word' id='word_1_232' title='bbox 982 3671 1019 3726; x_wconf 91' lang='lat' dir='ltr'><strong>ut</strong></span> <span class='ocrx_word' id='word_1_233' title='bbox 1035 3660 1127 3728; x_wconf 86' lang='lat' dir='ltr'><strong>Salo·</strong></span> 
     </span>
    </p>
   </div>
   <div class='ocr_carea' id='block_1_3' title="bbox 0 0 1231 4292">
    <p class='ocr_par' dir='ltr' id='par_1_3' title="bbox 0 0 1231 4292">
     <span class='ocr_line' id='line_1_33' title="bbox 0 0 1231 4292; baseline 0 0"><span class='ocrx_word' id='word_1_234' title='bbox 0 0 1231 4292; x_wconf 95' lang='lat' dir='ltr'><strong> </strong></span> 
     </span>
    </p>
   </div>
  </div>
 </body>
</html>
