2438 4308
30 3869 34 4062 i

33 4107 39 4265 i

369 349 547 398 ninantur.

32 495 149 568 Insula
159 500 355 569 Sanctorum
369 501 494 569 fueram
509 524 585 589 quae
601 503 689 570 dicta
700 507 847 586 vetustis,

72 608 214 676 Pastore
228 621 347 689 amoto,
363 633 435 676 sum
448 611 548 677 modd
563 611 680 698 proeda
693 612 781 700 lupo.

33 713 161 782 Christi
173 739 287 782 eversa
296 717 411 782 domus
423 743 431 798 3
444 717 545 783 sacris
559 717 676 804 Mysta
690 718 802 785 exulat
815 719 891 799 aris,

77 823 165 897 Quae
178 825 275 890 modd
290 824 459 909 privantur
473 824 577 889 thuris
591 824 716 891 honore
726 826 819 892 sacri.
934 827 979 894 24·

35 927 193 995 Haeretici
207 930 299 997 sacra
314 931 438 996 Christi
452 930 660 997 dominantur
677 932 711 996 in
726 931 810 1011 oede,

79 1035 118 1100 In
134 1035 251 1102 faedam
266 1060 359 1103 versa
373 1049 424 1103 est
439 1060 495 1102 ara
509 1037 616 1103 fidelis
631 1038 754 1106 haram.

39 1141 185 1210 Haercsis
200 1144 345 1225 invaluit,
357 1145 530 1230 rapiuntur
545 1147 587 1211 ab
602 1146 703 1212 ubere
715 1148 793 1226 nati,

80 1250 157 1316 Nec
169 1251 266 1316 datur
280 1251 446 1338 antiquam
462 1273 602 1338 suggere
617 1249 702 1319 lacte
716 1253 825 1320 fidem.
937 1253 980 1320 28

37 1355 135 1424 Nunc
149 1370 184 1424 et
198 1380 288 1446 opes,
302 1359 511 1445 studiunque,
525 1370 559 1424 et
573 1357 693 1446 linguae
708 1360 833 1428 tollitur
844 1383 935 1440 usus,

83 1464 175 1540 Quid
190 1466 268 1530 mihi
277 1468 358 1552 jam,
374 1478 495 1554 praeter
510 1487 626 1532 nomen
642 1468 748 1547 inane,
764 1471 895 1533 maneti

43 1571 233 1654 Caeduntur,
243 1567 358 1651 Luam,
374 1595 440 1657 pax
454 1583 504 1638 est
520 1595 562 1638 ex
577 1573 705 1651 fraude,
720 1574 859 1659 myricis,

82 1678 176 1754 Quid
189 1678 294 1766 plebs,
310 1679 418 1746 amoti
432 1679 627 1759 Nobilitate,
641 1683 773 1766 potest?
938 1683 982 1748 32

45 1785 120 1851 Huc
134 1785 278 1871 illucque
294 1802 395 1867 errat,
410 1787 495 1852 tristi
509 1809 582 1854 mea
597 1787 696 1854 corde
707 1787 881 1873 juventus3

86 1893 325 1988 Coganturque
337 1915 442 1973 senes,
452 1895 550 1980 pene,
567 1893 679 1960 dolore
694 1895 785 1961 mori.

48 2000 106 2066 Est
119 2003 230 2068 virtus.
239 2003 361 2080 vitium,
385 2003 490 2088 pietas
505 2014 556 2068 est
570 2002 709 2088 denique
724 2003 855 2083 crimen,

12 2129 13 2134 ¹
88 2109 135 2176 Et
145 2120 183 2175 tu
198 2129 285 2175 nunc
299 2110 443 2188 dubitas,
460 2110 560 2174 tristis
576 2111 678 2176 Ieraa
692 2108 798 2175 morit
941 2111 984 2176 36

50 2216 200 2302 ODeus!
218 2215 250 2281 0
265 2217 394 2282 miserae
408 2237 467 2281 cur
482 2213 549 2281 fata
562 2216 696 2282 moraris
712 2214 841 2282 lernaei

87 2323 155 2390 Cur
170 2333 304 2389 metam
319 2320 408 2388 lenti
419 2333 522 2390 morte
536 2324 643 2410 parire
659 2323 736 2388 sinis
748 2320 761 2384 i

51 2432 113 2498 Cur
127 2413 180 2498 me
194 2453 261 2496 non
273 2431 384 2496 sorbet
399 2429 565 2516 patefacta
577 2430 730 2516 voragine
745 2427 841 2495 tellus
853 2429 867 2491 ἲ

88 2539 157 2604 Cur
171 2543 237 2604 non
250 2539 324 2602 irati
338 2559 389 2602 mc
405 2536 486 2624 tegit
501 2537 591 2604 unda
604 2537 725 2600 maris?
928 2537 998 2602 ,id-

53 2645 105 2710 Me
121 2667 181 2711 cur
194 2645 361 2732 indignam
376 2643 521 2730 dignaris
532 2642 662 2719 lumine,
672 2641 805 2726 Tytan?

91 2753 159 2819 cur
174 2755 287 2823 nonin
302 2753 444 2838 priscum
460 2750 606 2816 marinis
622 2749 669 2814 ire
684 2747 814 2815 Chaos?

55 2860 159 2934 Quam
172 2860 263 2946 priris
278 2859 400 2945 ejectos
415 2857 563 2924 vidissem
578 2858 655 2923 sede
671 2854 802 2924 colonos

90 2969 186 3043 Quos
202 2966 293 3032 annis
309 2966 375 3032 fovi
388 2963 472 3032 mille
485 2975 535 3030 ter
551 2966 622 3050 ipsa
637 2965 720 3032 sinu.
944 2965 991 3030 44

54 3073 146 3144 Nunc
159 3074 310 3162 peregre,
321 3075 449 3150 sinere,
465 3072 533 3138 sine
551 3093 620 3158 spe,
633 3071 702 3136 sine
716 3070 788 3159 lege
800 3081 959 3158 vagantur

91 3180 170 3248 Ulla
184 3203 245 3247 nec
262 3182 383 3266 ejectos
399 3191 486 3245 terra
499 3177 551 3244 vel
565 3178 653 3243 unda
668 3179 766 3264 capit.

56 3287 84 3351 Ο
98 3289 209 3356 chari!
226 3289 259 3355 Ο
273 3290 356 3354 nati!
372 3285 537 3353 morientis
550 3287 686 3372 pignora
700 3284 828 3363 matris;

95 3393 173 3460 Ulla
186 3418 228 3460 ne
242 3417 300 3460 vos
315 3395 421 3461 animo
431 3392 539 3460 deleat
551 3392 633 3458 hora
648 3394 744 3457 meo?
946 3393 988 3460 48

60 3498 108 3567 Sic
123 3524 180 3567 vos
196 3502 350 3588 decepit?
362 3523 419 3567 vos
434 3523 492 3586 spe
503 3499 634 3565 lactavit
646 3498 744 3576 inani,

98 3607 237 3675 Gallus?
253 3611 409 3677 amicitias
424 3607 562 3675 utilitate
574 3606 661 3672 facit.

61 3711 109 3782 Sic
124 3716 223 3784 vestri
233 3729 326 3805 pater
342 3716 460 3784 oblitus
476 3715 694 3782 sanctissimus
710 3711 817 3778 orbisi
