2412 4292
167 319 232 384 222
274 315 279 324 '
540 339 702 386 ιιιιιιιιιιιι.

167 491 323 560 scribunt.
382 491 494 571 Addo,
516 493 670 581 Pipinam
697 491 809 558 Caroli
828 493 946 578 Mayni
965 503 1115 579 patrem,
1192 489 1193 572 j

165 600 305 684 primum
319 599 419 666 fuisse
433 621 452 664 e
467 599 613 666 Franoiae
627 600 770 687 regibus,
792 601 850 685 qui
865 597 1024 686 Regulam
1038 625 1115 668 sus·
1192 677 1193 682 ἵ

166 708 253 792 cepit
274 707 464 783 Unctiom
491 721 531 774 ut
550 707 732 793 Scriptores
753 707 820 773 fide
843 707 933 793 digni
958 709 1111 788 tradunt,
1192 721 1193 730 ’

166 836 248 901 quos
261 816 339 880 citat
353 812 549 892 Flahertius,
565 836 599 900 p.
616 817 669 880 52.
693 813 832 900 Ogygiae
845 813 974 879 Insulae.

114 923 118 930 ’
231 921 336 987 Porro
350 922 384 986 in
401 921 601 988 occidentali
615 921 755 1008 Imperio
769 923 859 988 certo
874 933 1013 1001 constat,
1029 945 1112 988 unc·

164 1031 285 1094 tionem
300 1026 448 1115 Regiam,
475 1053 548 1096 cum
570 1031 643 1115 ipso
658 1030 802 1115 Imperio
821 1041 940 1105 natam,
963 1042 1110 1096 exeunte
1191 1041 1193 1044 ’

165 1136 264 1202 Αιιιιο
277 1137 350 1201 800.
366 1148 400 1202 et
415 1159 434 1203 a
450 1135 648 1215 Caesaribus,
664 1138 720 1222 qui
740 1137 859 1202 Carolo
874 1135 925 1204 M.
940 1159 1112 1204 successe-

158 1251 251 1320 runt,
268 1242 312 1307 ad
328 1252 439 1307 nostra
463 1263 567 1327 usquc
591 1253 739 1328 tempora
759 1264 924 1327 nunquam
947 1244 1111 1311 intermis-

165 1371 243 1415 sam.
286 1349 327 1414 ln
346 1351 488 1418 Orientis
514 1363 623 1416 autem
638 1349 780 1436 Imperio
804 1361 881 1416 ante
897 1351 1109 1418 Emanaclcm

168 1456 366 1536 Comncnnm,
392 1456 493 1524 Anno
511 1459 603 1524 1180.
631 1468 665 1525 et
680 1458 832 1523 Alccinm
856 1457 927 1541 ejus
943 1455 1060 1538 filium,
1072 1467 1107 1522 et
1163 1481 1165 1485 ’

163 1585 383 1634 successorem
408 1567 464 1632 vix
485 1577 657 1653 usurpata:
681 1576 714 1631 et
738 1563 951 1650 probabiliter
970 1565 1104 1648 quidem

163 1675 320 1758 supremis
334 1674 525 1741 Emnnnclia
543 1675 755 1760 temporibus,
771 1673 845 1739 crim
855 1671 952 1740 Rom.
968 1672 1106 1738 Pontifi-

157 1803 237 1847 cum
252 1783 399 1867 gratiam,
411 1781 564 1848 affectnti
577 1784 710 1869 pietate,
725 1783 786 1847 sibi
797 1780 1029 1847 conciliandam
1045 1802 1106 1867 pu·

157 1886 275 1953 tisset.
321 1889 399 1956 Huc
410 1887 498 1968 iecit,
513 1891 604 1975 quod
619 1889 790 1955 Manantes
805 1889 866 1954 sub
881 1888 997 1954 eodem
1005 1889 1107 1954 Emit

157 1993 252 2058 naen
265 1993 308 2058 de
326 1995 439 2059 Caroli
454 1995 505 2061 M.
531 1998 733 2062 coronatione
752 1997 797 2060 ita
819 1995 938 2061 Graeci
959 1995 993 2060 in
1016 1996 1106 2062 hunc

163 2121 291 2165 sensum
307 2101 469 2166 cecinerit.

472 2237 495 2268 “
512 2229 608 2305 ana
620 2251 687 2294 moa
696 2233 857 2296 Romanas
872 2230 1017 2308 babebat,

203 2338 369 2428 Imoqnod
382 2335 652 2424 Haebrcissncrat
666 2337 800 2403 solemne
820 2339 994 2426 Tyrannio,
1085 2367 1087 2370 ·

205 2447 376 2536 Signatum
390 2446 563 2536 infundens
576 2467 597 2510 a
611 2467 729 2510 summo
744 2447 981 2528 continentum

212 2555 320 2641 Usque
326 2553 426 2640 pedet
441 2552 547 2630 canit,
570 2555 681 2618 Veram
696 2553 777 2638 qnid
787 2551 888 2616 Sacra
903 2553 984 2640 qnid
996 2553 1066 2641 ipsc

204 2660 375 2725 Sacrorum
388 2658 531 2724 Antiates
543 2659 673 2723 voluit?
687 2657 872 2724 nescimus.”
1054 2650 1055 2654 ¹

195 2797 198 2802 ’
227 2806 281 2872 Dc
300 2807 351 2872 his
371 2818 405 2872 ct
425 2806 496 2872 aliis
511 2807 577 2872 huc
591 2807 813 2892 spectantibus
825 2806 899 2872 vide
912 2805 1014 2872 fusilis
1030 2807 1059 2874 F
1059 2807 1104 2874 la-

158 2914 245 2986 hert.
261 2937 294 2998 p.
312 2913 363 2978 74.
380 2926 413 2997 et
430 2937 520 2999 seqq.
575 2913 686 2999 Atque
701 2925 737 2980 ut
751 2915 864 3000 paucis
875 2913 1054 2994 absolvam,
1068 2918 1104 2982 in

159 3023 238 3104 hoc,
264 3023 353 3108 quod
369 3023 510 3088 omnium
533 3024 722 3089 unctionum
741 3035 841 3109 caput
855 3034 917 3101 est,
933 3023 1104 3092 Hiberniae

161 3153 256 3216 reges
271 3153 340 3215 prae
354 3131 503 3196 omnibus
519 3130 659 3196 omnium
673 3131 819 3217 gentium
830 3129 1020 3196 Monarchis
1029 3141 1105 3216 post

161 3237 383 3304 Romanorum
395 3239 623 3323 Imperatores,
634 3246 668 3304 ct
681 3237 867 3324 Gothorum
881 3237 916 3300 in
929 3236 1103 3324 Hispanii,

162 3348 221 3410 aad
236 3345 387 3424 Arianos,
410 3367 504 3432 regen
519 3343 650 3432 gloriari
664 3353 813 3430 possunt,
828 3342 918 3427 quod
934 3343 1029 3430 primi
1044 3343 1103 3408 Sa·

161 3452 364 3519 eramentalis
383 3451 460 3518 Olei
483 3453 637 3518 unctione
659 3449 896 3516 christianitati
911 3447 1030 3514 fuerint
1045 3449 1104 3514 ini·

161 3559 243 3627 tiati.
288 3558 334 3624 Et
354 3559 431 3626 hinc
454 3572 504 3626 est
529 3560 620 3645 quod
636 3556 800 3624 Hibernia
822 3557 864 3620 ab
888 3553 1028 3619 Alberto
1050 3552 1100 3619 M.

161 3675 195 3732 et
212 3661 452 3732 Bartholomaeo
466 3664 608 3752 Anglico
627 3665 805 3732 Oratorum
824 3662 962 3728 Henrici
976 3661 1019 3728 V.
1028 3661 1101 3756 'fide
