2440 4292
452 329 631 376 mannum.

330 627 686 752 Panscasrrius
710 683 755 751 11.

293 875 350 943 De
363 877 465 943 variis
480 871 648 942 Hibernia
660 876 790 942 Incolis.

139 1073 300 1158 Campam
311 1093 398 1137 nunc
413 1068 587 1158 aggredior
602 1069 701 1161 spinis
717 1071 866 1151 obsitam,
879 1080 917 1137 ut
930 1093 1021 1138 rosas

10 1157 12 1268 l
78 1180 236 1270 colligam.
283 1179 401 1267 Spinas
425 1181 584 1246 seminant
599 1181 754 1266 temporis
768 1179 963 1248 diuturnitas
988 1191 1024 1246 et

76 1283 293 1376 pugnantium
310 1290 395 1354 inter
413 1311 448 1356 se
463 1299 631 1353 auctorum
645 1288 793 1352 varietas.
853 1285 901 1352 Ut
915 1297 1024 1354 autem

75 1420 134 1484 per
147 1399 274 1485 spissas
289 1397 490 1482 antiquitatis
500 1395 632 1462 nebalas
644 1391 769 1462 facilius
785 1396 804 1460 ὲ
821 1395 921 1482 spinis
932 1418 1024 1462 rosas

75 1503 281 1590 colligamus
303 1503 494 1589 incipiemus
517 1524 591 1568 cum
612 1501 735 1567 mundo
757 1502 777 1567 a
794 1499 927 1580 diluvio,
942 1501 1023 1567 nihil

75 1611 279 1677 immorando
292 1611 378 1677 circa
387 1609 507 1677 Mundi
522 1621 647 1690 aetates,
663 1608 819 1676 diluvium
833 1608 1024 1695 praeceden·

75 1732 137 1799 tes,
166 1743 244 1806 quae
281 1730 393 1784 nostro
422 1719 590 1805 proposito
622 1716 759 1783 multum
788 1713 943 1782 inservire
968 1739 1024 1782 ne·

77 1838 226 1916 queunt,
249 1827 279 1891 si
290 1826 347 1911 qui
362 1826 448 1890 enim
458 1824 652 1890 Hiberniam
667 1834 742 1890 ante
758 1822 916 1890 diluvium
930 1823 1024 1890 inha-

78 1936 226 2000 bitarunt
240 1959 250 2011 ;
265 1931 359 1998 nobis
375 1931 464 1998 certe
479 1941 554 2017 post
565 1929 722 1996 diluvium
731 1931 947 2002 existentibus
957 1951 1023 1996 non

77 2041 171 2107 aliter
194 2049 345 2106 constare
370 2051 492 2125 potest,
520 2039 619 2124 quam
640 2039 795 2106 relatione
818 2039 937 2116 divina,
966 2051 1025 2104 aut

79 2145 141 2236 ope
157 2143 330 2214 diabolica.
374 2141 548 2226 Quocirca,
567 2145 838 2216 ante-diluvianos
853 2144 1024 2210 Hibernia
1112 2217 1115 2222 ,

80 2251 202 2321 incolas
227 2251 343 2322 missos
365 2249 541 2319 faciemus:
563 2249 641 2324 licet
662 2252 698 2317 in
722 2251 953 2337 antiquissimis
968 2273 1025 2338 pa-

10 2422 12 2430 ,
80 2361 154 2427 triae‘
180 2356 324 2432 historiis
353 2356 506 2445 legatur:
555 2369 621 2431 tres
660 2359 857 2443 piscatores,
898 2351 1025 2443 Cappa,

82 2465 210 2554 Lagus,
236 2475 270 2530 et
285 2463 421 2544 Luasat,
445 2483 485 2530 ex
499 2463 673 2550 Hispaniis,
689 2463 834 2530 adversis
850 2463 954 2530 ventis
973 2486 1026 2530 ao.

10 2627 11 2632 ,
83 2581 144 2652 tos,
159 2569 283 2658 primos
309 2571 451 2647 omnium
466 2566 499 2636 in
514 2570 676 2636 Hiberniat
690 2581 822 2656 portum
838 2567 1026 2652 offendisse,

82 2682 121 2746 ab
143 2675 318 2748 universali
340 2671 534 2766 cataclysmo
555 2701 631 2744 mox
656 2675 868 2744 obruendos:
893 2675 975 2756 sicut
988 2688 1024 2741 et

85 2785 250 2864 Cesarea,
271 2781 440 2862 Burcana,
470 2793 505 2848 et
530 2779 655 2862 Barba,
688 2805 760 2866 cum
790 2779 1027 2870 quinquaginta

82 2891 150 2958 aliis
167 2889 308 2958 foeminis
331 2903 366 2956 et
389 2892 494 2957 tribua
518 2891 594 2956 viris
611 2889 726 2970 Bitho,
742 2891 886 2972 Ladra0,
901 2877 1028 2960 etFin-

83 2997 172 3077 tano,'
188 2999 290 3084 quiin
301 2995 494 3065 Hiberniam
507 2998 675 3086 appulisse
687 2999 842 3066 dicuntur
854 3011 929 3068 ante
944 3001 1027 3080 dilus

10 3189 11 3214 ,
84 3106 169 3170 vium
193 3104 237 3168 40
251 3103 387 3184 diebus;
409 3106 473 3172 vid.
489 3105 633 3188 Flahert,
650 3131 727 3196 pag,
747 3109 819 3174 162.
865 3109 914 3204 Ut
928 3110 1029 3198 igitur

84 3209 234 3278 adiluvio
248 3211 374 3279 initium
389 3210 539 3293 ducatur,
552 3213 726 3280 Lectorem
748 3217 906 3281 monitum
920 3216 1027 3297 velim,

10 3309 11 3312 ¹
84 3321 184 3408 qubd,
215 3333 254 3387 ut
278 3321 386 3406 spinas
410 3322 564 3387 evitarem
593 3319 689 3386 alieni
716 3341 768 3385 me
798 3320 915 3390 ductfis
951 3345 1025 3390 assa

85 3427 257 3506 voluerim3
288 3427 388 3508 unde,
419 3427 671 3516 Chronologiam
698 3428 786 3513 quod
817 3429 948 3496 attinet:
983 3431 1026 3496 ne
1145 3473 1146 3492 t

83 3535 190 3598 mein
217 3555 362 3620 pugnam
391 3545 565 3620 provocet:
601 3533 745 3599 aliarum,
764 3536 909 3621 gentium
936 3559 1026 3602 more
1116 3612 1117 3616 Ἰ

10 3703 11 3728 1
86 3640 245 3714 ductores
261 3640 385 3725 patrios
402 3651 533 3716 secutus
556 3664 638 3719 sum,
660 3641 1027 3724 maxime'Flahertiam,
