2412 4292
184 281 248 350 208
564 301 740 350 munaum.

184 475 270 520 mum
280 455 480 541 temporibus
490 453 845 541 Hibemioinquatuor
856 453 981 522 tantum
990 449 1132 521 Provin-

42 575 51 592 ”
181 563 248 630 oius
272 563 393 648 partita
415 567 484 628 est:
507 559 689 629 Provincia
712 563 746 628 in
770 561 962 641 Comitatus,
985 572 1020 626 et
1040 559 1078 626 hi
1092 561 1130 626 in

181 667 340 734 Batonius
360 669 544 748 distributi3
559 667 675 735 habita
685 668 877 755 plerumque
897 669 932 734 in
945 668 984 733 iis
998 668 1129 734 ratione
1193 643 1194 728 1

181 776 384 862 adpristinas
399 775 550 854 ditiones,
566 786 601 842 et
620 771 832 843 tricenarum.
876 775 1129 860 Nonnunquam
1193 749 1194 777 ¹

180 893 288 950 tamen
303 882 418 951 limites
432 883 557 969 antiqui
570 884 662 950 novis
684 893 932 962 commutantur,
952 893 998 949 et.
1003 884 1128 969 jugera
1194 959 1195 978 Χ

180 991 301 1076 passim
314 990 347 1054 in
361 987 594 1056 Staffordensia
618 999 651 1056 et
666 991 840 1056 minutiora
852 989 994 1076 Anglica
1016 987 1128 1054 multi-

178 1095 358 1181 plicantun
374 1117 512 1182 quotum
526 1095 597 1163 haec
614 1094 740 1184 singula
751 1119 771 1162 e
781 1097 833 1162 21.
846 1095 901 1161 illa
917 1095 995 1161 vero
1006 1117 1049 1160 ex
1070 1096 1122 1160 16.

179 1227 252 1270 eum
266 1205 417 1282 dimidio,
439 1205 605 1292 quadratis
630 1205 763 1290 perticis
789 1207 935 1270 constat:
964 1203 1049 1268 adeo
1078 1219 1119 1268 ut

178 1323 315 1378 centena
330 1311 566 1379 staffordensia
581 1311 704 1378 iaciant
729 1310 800 1374 162.
827 1310 895 1376 fere
910 1308 1052 1395 Anglica
1063 1308 1119 1394 ju·
1195 1317 1196 1328 ³

176 1439 255 1504 gera
267 1440 275 1482 ε
287 1429 321 1486 et
334 1421 366 1488 8.
383 1421 572 1498 Hibernioa,
588 1419 762 1506 superioris
774 1439 947 1495 mensurae,
963 1415 1012 1480 15.
1028 1415 1119 1484 Stas-

176 1524 361 1594 fordensis:
398 1537 479 1614 quot
509 1549 626 1614 nempe
651 1525 818 1592 sufficiunt
838 1526 944 1592 vaccis
972 1516 1121 1612 quinque

177 1630 312 1698 alendis.
421 1635 427 1648 '
517 1677 520 1684 -
1025 1624 1028 1630 ’

241 1741 422 1807 Provinciae
445 1752 586 1828 quatuor
610 1751 685 1806 sunt
707 1747 889 1825 sequentes,
917 1740 1035 1825 quibus
1063 1736 1120 1807 'sui

176 1847 406 1912 adscribuntur
419 1848 605 1914 Comitatus.

239 1951 266 2016 Ι.
289 1952 457 2019 Momonia
469 1955 531 2020 sub
546 1953 611 2039 qui
627 1977 684 2019 sex
698 1954 905 2020 continentur
916 1951 1117 2019 Comitatus:

173 2059 408 2139 Watenfordia,
423 2060 593 2148 corcagia,
610 2061 788 2147 Kierrigia‚
804 2059 1012 2139 Limerioum,
1035 2060 1116 2148 Tip-

172 2167 301 2254 peraria
315 2167 384 2250 (cui
405 2190 534 2234 annexa
550 2168 641 2240 Crux
661 2169 841 2254 iiperorioe
870 2180 903 2235 et
919 2165 1028 2246 Clare,
1056 2189 1118 2234 seu

171 2275 385 2354 :Teuamonim
405 2275 481 2342 olim
495 2278 538 2343 ad
554 2277 766 2343 Connactiam
781 2287 943 2361 spectans·
988 2274 1032 2341 ΙΙ.
1049 2270 1119 2340 La·

169 2385 280 2470 genio,
298 2382 339 2448 in
358 2381 425 2469 quai
444 2385 493 2450 12.
516 2395 743 2458 numerantur:
768 2381 961 2460 Dublinum,
977 2380 1121 2467 Lugma·

172 2491 226 2575 gia
240 2489 337 2576 vulgo
354 2490 477 2570 Louth‚
493 2489 825 2568 Midia,Westmidia,
839 2487 998 2566 Kildaria‚
1009 2489 1116 2575 Regis

172 2596 363 2675 Comitatus,
387 2597 525 2683 Reginae
555 2595 749 2674 Comitatus,
783 2585 985 2680 Catherlagh
1014 2593 1115 2681 vulgo

172 2701 309 2782 Carion,
331 2702 519 2782 Kilkennia,
540 2702 747 2782 Wexfordia,
770 2700 924 2766 Wickloa
948 2713 981 2766 et
1003 2700 1117 2788 Long-

171 2807 289 2886 ferdia,
311 2831 385 2893 quae
411 2812 508 2876 etiam
527 2811 570 2876 ad
583 2810 805 2890 Connaotiam,
825 2810 1004 2893 spectabat.
1048 2806 1112 2884 ΙΙΙ.

171 2913 360 2994 Connaetia‚
373 2917 407 2982 in
420 2914 487 3002 quit
500 2918 645 3002 quinque
659 2938 668 2979 z
696 2914 824 2994 Galum,
839 2916 971 3002 Mayoa,
988 2915 1112 3003 Sligoa,

171 3022 388 3088 Rosoomanit
402 3033 435 3088 et
451 3021 605 3088 Letnima.
663 3022 724 3090 IV.
754 3023 895 3103 Ultonia,
910 3024 972 3089 sub
993 3022 1059 3108 qui
1072 3024 1114 3088 9:

169 3129 385 3208 Ardmachia,
397 3129 543 3209 Dunum,
559 3129 758 3209 Monaohan,
778 3131 919 3209 Antrim,
934 3129 1112 3216 Dungalla,

171 3235 313 3316 Conana,
330 3236 562 3317 Feramunaoh,
582 3235 725 3317 Tironia,
752 3248 786 3304 et
801 3236 1061 3304 Londiuodonia.

234 3345 320 3414 Sunt
333 3357 494 3430 praeterea
503 3343 613 3422 urbae,
627 3367 700 3431 quae
710 3343 928 3411 comitatuum
937 3343 1113 3431 privilegiis

169 3450 332 3537 gaudent3
353 3475 494 3538 suosque
508 3452 634 3518 habent
648 3453 874 3520 vice-Comites
888 3463 923 3519 et
933 3452 1113 3520 Districtuu

169 3557 338 3623 distinctos
360 3583 380 3623 a
394 3559 608 3626 comitatibus
628 3561 670 3624 ab
685 3560 724 3625 iis
740 3559 962 3627 denominatis.
1007 3559 1112 3626 Porri)

169 3667 337 3736 districtus
360 3691 480 3748 omnes,
502 3677 567 3736 ¹aut
588 3669 767 3736 Comitatus
789 3672 978 3757 eprimeria
1000 3693 1112 3746 eorum

171 3774 308 3842 Ciuitate
320 3773 389 3840 fere
403 3776 659 3845 denominantur.
715 3775 767 3845 Ao
781 3779 880 3846 totius
895 3780 987 3867 regni
1001 3790 1116 3866 caput,
