2412 4292
162 294 227 362 216
543 311 723 400 urrunnun

161 463 364 537 Ebrebethae
388 464 585 544 succedenti,
605 463 704 532 Anno
729 463 829 540 16033
852 461 1004 547 abjurato
1019 459 1110 522 omni

162 573 263 658 priori
271 573 355 659 juris
369 571 479 659 Regii,
496 585 554 638 aut
567 571 740 658 potestatis
765 566 869 645 titulo,
894 590 928 632 se
954 565 1110 632 subditos

160 701 229 746 non
250 680 341 746 inviti
365 680 582 766 subjicerent:
605 675 695 762 qubd
717 697 791 740 eum
813 697 856 738 ex
878 671 1007 739 illorum
1032 693 1111 738 sen·

161 785 262 872 guino
284 786 489 872 progenitum
512 783 759 872 agnoscerent.’'
805 779 871 848 Sed
887 779 973 867 proh
989 777 1107 844 dolori
1193 821 1194 838 ι

161 893 223 960 rub
248 892 337 960 nulli
361 915 503 980 unquam
524 914 637 978 regum
658 889 778 957 familiai
791 885 952 954 Hibernia
966 897 1033 952 tam
1047 909 1108 970 op·

161 1023 274 1087 pressa
283 1001 384 1086 jacet,
400 1001 498 1087 quim
516 999 659 1066 subhac
677 997 762 1083 ipsi,
781 997 843 1062 etsi
859 997 1049 1062 Hiberuicoe
1063 995 1108 1072 sit
1193 1027 1194 1032 ι

161 1106 305 1192 originis.
349 1108 402 1174 Ac
417 1105 572 1193 imprimis
583 1108 718 1193 quidem
732 1108 802 1192 ipse
815 1106 958 1172 Jacobus
970 1102 998 1167 Ι.
1013 1103 1107 1170 duris
1193 1125 1194 1188 ξ

162 1213 471 1282 administrationem
502 1215 536 1280 in
572 1212 746 1280 vernaculo
779 1213 874 1278 nobis
914 1211 1106 1290 interdixit;
1193 1247 1194 1274 ι

163 1320 246 1388 adeo
261 1332 298 1388 ut
312 1323 413 1408 ipsius
427 1321 546 1408 lingue
559 1322 750 1388 exercitium
768 1321 862 1386 nobis
877 1319 1038 1385 subletum
1054 1319 1106 1398 sit„
1193 1343 1194 1382 ι

162 1426 215 1496 En
230 1429 316 1514 regis
334 1440 410 1514 post
423 1428 636 1494 voluntariam
649 1439 791 1494 nostram
806 1428 1038 1512 subjectionem
1054 1447 1108 1490 re-

163 1537 365 1602 muneratio!
388 1537 478 1624 quod
498 1534 566 1601 filio
581 1536 651 1622 ejus
667 1533 787 1601 Cerolo
801 1533 828 1598 Ι.
844 1533 960 1599 fideles
975 1533 1017 1600 ad
1032 1555 1106 1598 aras
1193 1519 1194 1530 ἵ

163 1641 600 1721 extiterimus‚aCrumvello
612 1653 818 1729 usurpatore,
826 1641 1105 1726 mejoriexparte,
1193 1709 1194 1724 χ

162 1749 257 1814 bonis
276 1750 427 1815 omnibus
448 1750 550 1828 exuti,
565 1759 599 1815 et
613 1750 730 1835 partim
744 1750 777 1813 in
792 1762 921 1824 exteras
936 1770 1009 1814 oras
1024 1747 1107 1814 rele·.
1193 1733 1194 1746 ³

162 1855 240 1939 goti.
284 1854 367 1921 Filio
395 1857 514 1922 iterum
544 1855 661 1922 Cerolo
691 1854 739 1922 ΙΙ.
764 1856 806 1920 ab
834 1853 932 1920 exilio
954 1865 1106 1922 revocato

163 1957 356 2026 fidelitatem
370 1972 525 2040 nostram,
538 1973 572 2028 et
586 1963 752 2048 egregiam
768 1962 841 2040 sibi,
850 1983 889 2027 ac
904 1962 1033 2048 parenti
1047 1983 1106 2026 na·

162 2075 269 2130 vatam
284 2088 415 2152 operam
430 2089 634 2153 nequaquam
647 2078 913 2154 recognoscente,
927 2078 985 2134 aut
1005 2067 1106 2132 ullum

164 2171 208 2236 ad
216 2172 368 2257 pristinas
380 2174 602 2260 possessiones
614 2186 796 2241 revocante.
840 2175 1004 2261 Denique,
1016 2197 1107 2262 spre-
1193 2241 1194 2262 p

163 2280 205 2349 tis
221 2279 337 2346 oblatis
352 2280 585 2348 favorabilibus
598 2283 851 2362 conditionibus,
859 2282 1018 2350 fidelitate
1033 2306 1108 2350 nos·
1193 2269 1194 2310 i

163 2385 216 2452 trit
237 2385 328 2456 ducti
347 2389 504 2456 Jacobum
518 2389 562 2456 ΙΙ.
584 2390 619 2456 in
634 2388 758 2456 Gallias
781 2391 946 2457 turmatim
966 2392 1107 2457 insecuti

162 2505 239 2582 post
264 2497 450 2574 diuturnam
472 2519 604 2583 operam
634 2496 813 2580 Galliarum
843 2499 923 2584 regi,
946 2498 1106 2584 superiori

164 2601 262 2682 bello,
283 2606 479 2690 praestitam,
502 2604 589 2672 facti
605 2605 735 2672 demum
757 2627 838 2690 pace
863 2606 956 2689 (orbe
977 2605 1106 2672 facinus

165 2710 377 2796 abhorrente)
392 2713 599 2778 dimissionem
620 2735 683 2798 pro
703 2713 854 2779 mercede
870 2715 1038 2780 consecuti
1053 2737 1105 2780 su-

165 2837 250 2883 mus.
294 2816 384 2904 Eece
407 2829 444 2884 ut
466 2817 606 2884 fidelitas
626 2830 738 2884 nostre
751 2822 844 2887 nobit
859 2843 988 2906 semper
1001 2823 1105 2888 exitio

166 2921 219 3002 sit,
235 2931 268 2986 et
282 2921 348 3007 qud
362 2925 558 3008 pertinacius
573 2925 722 3012 Regibus
746 2929 864 2994 nostris
890 2927 1105 3012 adhaeremus,¹

165 3029 338 3116 datamque
352 3029 452 3097 fidem
467 3053 645 3111 servamus,
660 3032 723 3129 hoc
744 3033 879 3100 liberids
900 3035 934 3100 in
948 3034 1105 3102 Historiis

164 3133 311 3210 necatos
324 3138 533 3205 nominamur.
556 3139 624 3206 Sed
638 3141 731 3208 Deus
752 3143 816 3208 ista
829 3143 936 3208 videt!
959 3142 1035 3230 Ego
1049 3167 1105 3210 au·

165 3253 240 3324 tem,
254 3257 290 3311 ut
305 3245 347 3310 ad
359 3247 561 3333 propositum
576 3247 717 3326 redeam,
732 3260 766 3314 ct
782 3271 818 3314 os
833 3247 980 3336 Anglicis
995 3249 1106 3338 Scrip-

165 3350 290 3417 toribus
313 3354 473 3432 obturem,
505 3353 668 3441 Scriptum
689 3357 828 3435 invenio,
853 3359 1106 3443 proecedentiam

161 3455 238 3542 jure
251 3457 431 3538 Hiberniae,
445 3459 509 3548 ipsi
521 3462 593 3548 regi
607 3460 736 3549 Angliae
748 3464 985 3550 adjudicatam:
1009 3464 1106 3532 alter·

165 3565 315 3632 canbbus
340 3568 425 3632 enim
448 3568 490 3634 de
513 3569 732 3654 precedentib
749 3568 877 3656 Angliae
898 3583 934 3639 et
958 3573 1105 3640 Franeiae

167 3670 301 3758 Legatis
326 3673 360 3738 in
389 3673 535 3742 Concilio
557 3677 800 3744 Constantiensi
823 3677 922 3746 Anno
948 3680 1040 3753 1417.
1070 3683 1104 3748 id
