2412 4292
494 327 669 380 urauuum.
987 311 1049 376 221

104 476 196 542 tione
220 478 453 562 reperiissem
476 479 598 546 fatetur
622 479 761 567 ingenuis
776 481 926 548 diuitem.-
939 503 973 566 p.
992 480 1049 546 tr.

107 584 252 672 Ogygiae
266 585 387 652 Insulae
401 588 490 673 quod
505 601 611 655 tamen
626 589 706 654 nihil
716 590 854 674 probat3
878 611 950 654 cum
965 580 1052 656 idem

105 693 151 758 de
176 693 407 760 sacramentali
431 697 584 794 unctione
607 697 672 764 dici
692 698 805 783 possit,
826 717 923 782 quam
945 707 1054 764 tamen

105 801 255 888 regibus,
280 825 353 868 cum
374 801 497 889 populo
521 803 717 883 Christiano,
734 827 933 870 communem
957 827 1052 872 nemo

107 931 178 974 non
201 921 368 994 agnoscat,
382 912 443 975 uisi
457 912 513 996 qui
528 909 731 978 Christianos
754 911 826 977 illos
848 911 1049 980 diffitebitur.

107 1014 181 1080 Sed
204 1014 288 1080 liber
314 1016 356 1081 de
381 1039 517 1084 numero
533 1016 763 1096 Cardinalium,
779 1017 1052 1104 Archiepiscopo-

107 1144 194 1198 rum,
217 1131 251 1186 et
273 1120 522 1208 Episcoporum,
545 1124 645 1188 Anno
662 1125 755 1188 1533.
779 1122 894 1188 Romae
917 1125 1052 1210 impres-

105 1251 165 1294 sus
181 1252 214 1313 p.
228 1228 281 1293 49.
304 1230 417 1314 iuungi
438 1230 516 1296 dicit
538 1227 652 1316 Repea,
671 1230 830 1309 Custode,
846 1231 1050 1318 Arragooiae,

105 1338 259 1416 Itemtae,
287 1337 414 1416 Scottae,
440 1339 604 1415 Pellem,
620 1336 814 1423 Huagorice,
834 1335 894 1402 &c
920 1335 1053 1412 Provin-

106 1446 199 1514 cialis
214 1444 311 1512 Rom.
325 1443 434 1532 Reges
449 1441 615 1510 Hiberniae
628 1444 729 1510 obtimi
745 1442 856 1508 solitos
872 1444 981 1510 tradit.

126 1589 128 1594 ·
175 1553 274 1619 Ritus
299 1563 409 1618 autem
431 1551 485 1617 ille
500 1575 559 1637 per
577 1551 719 1618 Orienti-t
728 1548 881 1637 populos,
900 1561 998 1636 atque
1016 1553 1051 1616 iu

114 1663 222 1730 Veteri
241 1641 442 1727 Testamento
456 1661 540 1726 adeo
560 1659 712 1744 frequens
736 1670 769 1724 et
789 1656 929 1744 vulgaris
944 1667 981 1723 ut
1000 1680 1051 1724 re·

106 1795 183 1860 gem
191 1772 401 1846 constituere,
416 1770 620 1854 eundemque
629 1769 776 1852 inungere
784 1751 870 1832 idem
880 1766 976 1852 plane
985 1768 1051 1856 sig-

106 1879 253 1945 nificent.
290 1877 364 1942 Nec
379 1877 499 1951 desunt
507 1874 681 1960 Theologi‚
694 1876 751 1960 qui
765 1873 962 1942 mmmm
976 1897 1050 1942 seu·

107 1985 246 2052 tentiam
262 1983 376 2060 secuti,
386 1981 505 2046 docent
516 1980 678 2048 Davidem
689 1979 818 2065 Regem
830 1981 966 2066 ejusque
975 2004 1051 2066 pos·

106 2099 209 2162 terna,
234 2086 359 2160 eodem,
385 2084 451 2168 qud
466 2084 656 2150 Sacerdotes
672 2083 743 2151 oleo
757 2086 926 2152 inunctosz
949 2097 1049 2174 atque

105 2195 141 2260 id
156 2193 312 2260 continui
325 2193 499 2257 traditione
516 2191 650 2265 habent,
668 2190 783 2257 Oleum
794 2191 957 2270 Sanctum,
980 2218 1049 2281 quo

107 2300 264 2366 AaronS.
278 2299 312 2363 S.
326 2297 486 2364 Sacerdos
501 2297 662 2370 inunctus,
676 2295 710 2360 id
725 2297 831 2381 ipsum
844 2299 887 2362 ad
898 2299 1048 2366 inunctos

106 2408 221 2493 Reges
237 2404 410 2471 Daoidicce
428 2404 537 2490 stirpis
564 2403 632 2490 siue
653 2402 876 2468 imminutione
892 2404 1046 2473 divinitis

106 2525 271 2582 servatum
305 2515 410 2600 spatio
441 2514 515 2578 900.
545 2495 744 2576 Annorum:
782 2533 847 2576 nou
885 2535 978 2578 secus
1008 2537 1047 2580 ac

108 2623 199 2689 Galli
210 2621 340 2698 Oleum,
353 2619 420 2706 qud
438 2621 624 2686 Clodooceus
636 2619 663 2684 1.
680 2640 699 2682 a
714 2618 748 2683 S.
769 2618 919 2706 Remigio
935 2621 1048 2688 inunc-

104 2742 171 2808 tuS,
184 2729 324 2794 traditur
334 2751 395 2813 per
406 2726 577 2793 columbam
589 2729 621 2792 in
633 2725 788 2814 Ampulla
798 2726 925 2793 eoelittis
938 2729 1048 2797 dimis-

105 2861 190 2916 sum,
215 2845 248 2902 et
268 2833 427 2900 hactenus
455 2845 679 2899 conservatum
708 2832 887 2916 affirmant3
909 2835 985 2904 hinc
1014 2839 1048 2903 in

105 2941 303 3026 quibusdam
315 2961 426 3006 eorum
440 2940 677 3006 numismatibus
690 2937 875 3026 legemem,
913 2947 934 2982 “
943 2945 1047 3011 Fran-

105 3053 155 3118 cis
169 3055 249 3117 duta
263 3071 392 3114 munem
407 3045 507 3112 eoeli.''
562 3044 698 3124 Verum,
724 3049 921 3132 antiquiores
937 3050 1047 3135 Serip-

103 3171 206 3235 tores,
221 3157 277 3242 qui
288 3155 367 3220 dicti
381 3153 542 3219 coemes·
556 3154 756 3238 temporibus
771 3153 961 3234 floruerunt,
971 3177 1047 3221 eum

105 3289 126 3330 a
142 3263 177 3332 S.
193 3262 346 3347 Remigio
366 3260 565 3345 baptizatum
586 3260 721 3337 doeent3
743 3259 784 3323 de
808 3259 878 3325 oleo
905 3263 984 3327 vero
1012 3276 1046 3329 et

105 3368 259 3454 ampulla,
285 3363 412 3460 coelitus
432 3366 548 3444 missis,
572 3365 670 3430 altum
695 3365 783 3453 apud
798 3387 854 3432 eos
872 3367 1044 3437 silentium.

105 3473 151 3539 Et
163 3473 331 3538 Amiooim
345 3472 487 3557 quidem,
501 3471 702 3538 Hiocmerus
716 3485 750 3539 et
771 3473 824 3539 alii
839 3478 896 3561 qui
913 3479 996 3559 olet,
1011 3493 1046 3546 et

106 3580 270 3668 Anepaiioe
293 3580 487 3644 mentionem
507 3578 640 3658 faciunt,
668 3581 710 3648 ad
726 3582 950 3667 baptizandum
971 3587 1046 3652 Clo·
1164 3595 1165 3598 ’

103 3691 256 3768 doooeum,
278 3710 344 3753 nou
367 3688 409 3752 ad
425 3711 498 3754 eum
513 3687 637 3775 Regem
660 3689 870 3777 inungmdam
896 3691 1043 3759 adhibita
