2438 4308
211 334 253 399 ta
589 353 767 400 utranam.

206 506 258 572 Te
272 505 402 571 videant
416 515 545 593 patrum
558 528 729 585 memores,
747 505 929 592 Leopolde,
945 518 1096 593 nepotes,

248 615 288 681 ln
302 623 335 680 te
346 635 411 678 uno
426 623 603 699 agnoscant
618 634 700 698 quos
717 611 848 680 coluere
863 624 984 700 patres.
1084 618 1149 682 116

205 721 320 788 Nostri
333 719 490 806 Majores,
505 742 616 786 omnes
631 720 779 786 habuere
794 733 948 807 patronos

247 829 341 904 Quos
353 829 467 916 genuit
481 840 590 913 patres
606 827 742 894 Austria
756 839 850 915 grata
864 840 949 895 tuos.

203 937 320 1022 Teque
335 936 446 1021 magis,
461 923 633 1022 Leopolde,
648 957 742 999 suum
758 935 887 1001 sensere
902 945 1087 1023 patronum,

244 1041 414 1108 Hactenus
430 1039 585 1106 auxilium
599 1041 656 1125 qui
667 1041 794 1126 petiere
810 1053 910 1106 tuum.
1083 1045 1147 1108 120

202 1149 300 1217 More
310 1148 410 1235 igitur
422 1145 516 1212 sclito
530 1169 644 1233 perge,
659 1146 896 1235 Augmtieaimc
914 1148 1034 1228 Caesar,

203 1304 208 1320 ,
245 1257 333 1321 Cura
342 1253 418 1331 Dei,
433 1253 605 1339 magnique
621 1253 712 1319 orbis
727 1265 762 1319 et
776 1255 866 1319 urhis
882 1276 981 1319 amor.
1081 1259 1083 1264 '

202 1362 345 1429 Patrono
360 1360 473 1439 virtus,
488 1369 595 1428 tutore
608 1359 764 1438 Ecclesia,
775 1371 875 1448 patre

243 1469 295 1535 Te
309 1466 454 1555 gaudent
468 1467 592 1553 inopes,
613 1467 741 1534 C'aeeare
752 1466 869 1547 Roma,
884 1465 967 1534 fave.

262 1638 381 1724 Elepia
400 1635 471 1702 haec
491 1635 545 1700 vix
566 1633 670 1700 lucem
694 1633 833 1721 primirm
847 1634 985 1712 viderat,
1003 1637 1057 1700 vix
1072 1636 1144 1702 Eu-

197 1769 279 1833 ropa
294 1746 383 1832 pacis
406 1765 540 1810 munera
564 1743 748 1830 degustavit
772 1753 807 1807 et
821 1764 896 1810 ecce
911 1744 1021 1810 subiti>
1031 1766 1143 1812 rerum

197 1855 296 1924 facies
312 1861 445 1930 mutata,
461 1861 614 1942 totusque
629 1853 717 1920 orbis
737 1852 894 1918 attonitus
910 1854 1142 1930 contremiscit,

197 1982 236 2026 ac
264 1961 336 2044 ipsa
368 1977 475 2022 rerum
500 1966 617 2021 natura
645 1966 851 2035 commutata,
896 1956 1077 2044 antipathiri
1106 1959 1142 2026 in

198 2064 410 2153 sympathiam
430 2061 594 2129 conversi.
638 2061 721 2128 Cum
744 2086 803 2149 per
826 2075 961 2130 mortem
977 2063 1141 2132 Catholici

197 2172 300 2258 Regis
327 2166 435 2234 Caroli
463 2167 521 2246 ΙΙ.,
547 2165 779 2254 Hispaniarum
814 2179 847 2234 et
875 2168 1039 2236 Indiarum
1069 2192 1139 2238 mo·

195 2278 337 2356 narchae,
356 2275 485 2342 Gallico
499 2284 573 2340 astu
595 2284 628 2340 et
645 2274 763 2359 iniquis
782 2273 966 2342 Cardiaolr‘a
980 2278 1138 2343 Portoca-

194 2383 536 2472 reropersautionihus
552 2392 665 2446 contra
680 2382 786 2448 omnia
795 2381 871 2468 jura
886 2392 920 2446 et
934 2392 1033 2467 pacta
1042 2383 1139 2468 jura-

192 2501 303 2556 mento
330 2485 530 2564 confirmata,
553 2484 638 2552 Dua
663 2483 906 2570 Andegaoensis
930 2485 1136 2554 Monarchiae

194 2599 381 2686 Hispanicae
396 2593 581 2661 declaratur
595 2592 712 2660 haeres.
759 2592 858 2671 Quod
871 2616 944 2660 cum
958 2616 1021 2681 ego
1035 2595 1137 2660 vidis-

194 2729 262 2773 sem
288 2716 322 2771 et
343 2702 496 2770 attentiirs
519 2699 776 2768 considerassem
801 2722 914 2788 regum
933 2699 1001 2768 fata
1014 2723 1137 2788 regno-

192 2833 329 2898 rumque
336 2810 501 2896 periodos,
515 2806 692 2884 inevitabili
700 2805 829 2878 Divinae
838 2808 1051 2892 providentiae
1062 2807 1136 2876 toto

191 2917 276 2984 volvi
297 2917 444 3002 regique,
469 2913 614 2999 nihilque
640 2914 701 2980 sub
727 2911 794 2978 sole
815 2913 931 2979 stabile
949 2935 1132 2994 remanere,

191 3025 330 3089 animum
339 3022 381 3086 ab
391 3016 518 3084 afflictae
532 3019 647 3104 patriae
657 3039 738 3092 meae
753 3017 1000 3100 calamitatibus,
1009 3019 1134 3105 paulis.

190 3151 250 3216 per
264 3126 465 3204 abstrahens,
477 3125 510 3214 in
525 3123 588 3192 hoc
602 3123 686 3192 forte
698 3124 810 3191 Ovidii
820 3147 948 3193 carmen
964 3128 1074 3208 incidi,

251 3259 274 3290 “
286 3253 405 3321 Omnia
414 3252 482 3339 jam
492 3249 572 3316 fient
586 3249 658 3318 fieri
672 3272 746 3336 quae
757 3273 855 3337 posse
867 3254 1057 3340 negabam.''

189 3383 369 3450 Occasione
380 3384 472 3468 cujus
481 3391 670 3467 sequentem
679 3381 834 3465 Elegiom
845 3384 1001 3448 attonitus
1011 3383 1127 3464 effudi,

188 3502 222 3556 et
236 3488 479 3576 imprimendam
494 3487 582 3566 dedi,
601 3509 699 3572 quam
712 3487 800 3554 bonai
814 3487 871 3554 tua
883 3488 988 3569 veniri,
1004 3490 1129 3559 Lector

186 3594 353 3674 benevole,
369 3593 434 3661 huc
449 3591 610 3672 transtuli,
629 3594 749 3659 additis
763 3594 915 3662 adfinem
929 3599 1127 3686 quibusdam

185 3707 228 3769 de
243 3700 407 3768 Cardinali
418 3700 643 3778 Portocarero,
661 3699 776 3766 harum
795 3703 939 3770 omnium
953 3707 1127 3794 perturba·

183 3811 306 3878 tionum
314 3829 412 3875 causa
423 3805 627 3878 occasionali,
