2440 4292
173 353 234 418 136
567 369 744 416 niernum.

183 569 185 577 ·
198 531 248 590 19.
314 522 488 588 Autumnis
504 521 670 602 tredecim,
685 521 816 588 flumine
832 535 948 607 raptus
963 539 1061 610 equo.

174 631 248 697 846.
276 631 485 718 Conquovaro
495 635 622 715 patruo,
637 627 832 707 Malachiae,
843 640 922 694 'octo
934 631 985 695 bis
1000 655 1114 697 annos.

199 740 247 804 16.
314 735 473 803 Mabront‘i
487 736 614 802 soboles
631 736 768 822 Sceptra
784 750 892 802 tuetur
905 737 963 802 avi.

196 903 199 917 ,
272 844 337 911 Ter
346 845 470 911 decimo
482 844 660 910 extinctum
674 843 819 910 referunt
827 855 1036 909 monumenta
1047 843 1122 909 No*

429 951 569 1014 vembris

311 1059 503 1125 Extremum
518 1059 592 1122 vitae
607 1057 725 1123 Martis
741 1069 775 1122 et
789 1079 860 1122 esse
873 1057 970 1122 diem.
1095 1123 1100 1136 ,

177 1167 248 1231 863.
276 1167 436 1232 Culmides
451 1167 535 1230 senis
552 1165 675 1229 Bandae
689 1165 876 1229 moderatur
892 1163 1018 1238 Aidus‚·

317 1273 517 1337 Idnnliuthur
532 1272 653 1335 brumis
669 1281 745 1356 post
760 1271 826 1334 dua
839 1270 941 1334 lustra
957 1269 1069 1334 solum.

272 1379 330 1444 Bis
345 1379 500 1456 decimus,
508 1378 642 1463 junctus
658 1378 796 1443 Veneris
812 1399 887 1443 eum
902 1376 984 1453 luce,
1001 1378 1073 1442 No-

430 1486 570 1550 vembris

313 1591 431 1657 Mortis
446 1593 481 1656 in
495 1591 648 1676 ambiguo
663 1613 728 1656 non
744 1591 819 1656 sinit
834 1613 905 1656 esse
920 1591 1017 1654 diem.

177 1699 253 1772 879.
276 1699 411 1785 Septem
425 1710 459 1765 et
470 1711 521 1764 ter
534 1700 636 1764 denos
652 1697 827 1763 Mamertae
841 1697 927 1763 filius
941 1721 1042 1762 annos

195 1808 247 1870 37.
314 1807 457 1872 thnnus
471 1803 722 1890 Hibernigendm
737 1805 847 1870 subdit
865 1807 1025 1890 adusque
1043 1828 1095 1868 so-

433 1911 508 1976 lum.

184 2082 188 2096 f
270 2018 427 2095 Sabbeto‚
447 2028 486 2082 et
497 2027 610 2083 octavo
624 2018 644 2086 J
649 2020 705 2084 uni
719 2042 805 2084 mors
819 2030 894 2084 ante
911 2018 1071 2083 Calendas

241 2187 242 2190 ,
320 2125 473 2190 Temoriae
484 2124 601 2209 spoliat
616 2126 761 2212 principe
773 2126 856 2190 dura
865 2125 1027 2189 thronum.

177 2239 249 2297 916.
273 2227 452 2296 bruttiani
465 2231 599 2316 prolem,
625 2229 776 2298 Flannem
791 2255 1010 2319 generumque
1024 2234 1120 2298 Niel·

435 2340 501 2404 lum
1112 2362 1115 2367 ·

221 2455 251 2512 3.
321 2448 532 2514 Glundubt'um
546 2470 656 2533 regem
672 2449 769 2512 tertia
783 2449 863 2512 vidit
876 2447 1001 2534 hyems⁸

275 2553 477 2639 Septembris
494 2566 543 2620 ter
559 2556 670 2638 quinta
684 2555 752 2621 dies
768 2566 801 2619 et
816 2555 896 2619 seria
907 2566 1043 2639 quartae,

269 2739 270 2742 Ἴ
322 2662 516 2739 Gdundubio,
533 2661 637 2726 Danis
652 2661 769 2737 fausta,
786 2662 933 2738 cadente,
957 2662 1029 2726 fuit.

274 2769 447 2834 Paschatt's
462 2779 607 2832 octavam
622 2768 812 2854 praecedens
827 2767 934 2832 intulit
948 2779 1065 2847 aestas3

317 2873 398 2950 Res,
414 2885 451 2938 ut
465 2886 535 2938 erat
549 2877 664 2958 priscis
679 2887 766 2953 nota,
778 2885 890 2939 notata
901 2874 1002 2939 libris.

179 2985 250 3048 919.
275 2979 496 3046 Donat-ludus
508 2983 631 3047 Flantto
647 2984 776 3068 genitus
792 2983 1014 3068 quinquennia
1025 2984 1120 3068 quin-

434 3107 498 3169 que

199 3197 250 3258 25.
319 3192 511 3258 Sanctorum
527 3195 666 3278 patriam
683 3195 745 3258 sub
762 3194 883 3260 ditione
899 3205 1005 3260 tenet:

179 3303 255 3366 944.
280 3299 338 3366 Bis
354 3310 448 3365 sexto
463 3299 594 3385 Imperii
609 3297 777 3366 Danorum
791 3303 940 3386 perditur
954 3303 1052 3366 armis

203 3409 253 3472 12.
319 3406 348 3470 Ε
363 3408 543 3473 Slanensoeo
559 3406 872 3492 seminecongalius.

178 3516 251 3582 956.
275 3513 342 3582 Sex
357 3525 473 3599 quater
481 3526 652 3582 autumnos
664 3523 779 3598 regnat
787 3517 987 3582 Domnaldus
1001 3517 1031 3580 0
1044 3513 1119 3584 Net-
1208 3565 1209 3570 1

433 3624 492 3701 lus,

198 3731 249 3794 24.
316 3727 499 3794 Murcherti
514 3741 621 3810 natus,
638 3731 1002 3818 Glundubt't'quenepos.
