2440 4292
170 337 213 402 86
566 354 745 400 ursanum.

175 519 252 576 runt
265 508 418 576 Annales.
464 506 597 574 Nenuio
623 505 821 592 suffragatur
837 503 1006 573 Henricus
1022 505 1123 572 Hun-

176 617 361 684 dinctonius
375 615 464 682 Hist.
476 615 552 680 Lib.
567 614 593 680 1.
610 615 687 681 item
701 611 1120 700 Thomas4Walsingemius

177 747 220 793 ex
235 723 414 810 Radolpbo
434 724 455 788 ai
469 721 570 789 Dicto
585 723 618 788 in
634 720 878 809 Hypodigmate
891 723 1056 790 Ncmtriae
1071 725 1120 789 sic

174 833 287 898 babet.
333 831 400 896 “A
415 830 577 917 Regione,
600 829 675 915 quae
700 829 818 894 dicitur
834 829 978 914 Schytia,
999 829 1122 894 dicitur

176 937 306 1022 Satyra,
321 935 499 1020 schyrionis,
514 934 630 1000 Scotua
651 934 785 1007 &otior
809 933 1083 1020 quemadmodum
1099 937 1121 998 a

177 1043 338 1128 Regione,
353 1063 426 1126 quae
441 1040 560 1111 dicitur
577 1043 707 1116 G‘otlrio,
722 1041 843 1106 dicitur
861 1040 957 1118 Geta,
975 1041 1120 1118 Geticus,

180 1150 346 1228 Gothicus,
366 1149 505 1225 Gordiu,
523 1149 655 1216 Gothia.
701 1147 773 1214 Imb
789 1157 826 1212 ut
839 1160 927 1212 recte
938 1156 1031 1212 notat
1044 1144 1121 1210 Fla·
1213 1153 1215 1164 ⁴

177 1257 325 1322 bertius:
349 1255 544 1340 Schytarum
564 1255 663 1324 hodie
683 1254 837 1320 nomena
857 1251 1053 1340 quibusdam
1070 1252 1122 1315 di·

178 1366 262 1434 citur
284 1386 357 1430 esse
379 1365 413 1428 in
433 1363 538 1430 Scotis
560 1362 731 1448 reliquum.
783 1362 831 1426 Et
848 1361 1016 1446 subjungit
1031 1359 1120 1426 idem

177 1497 210 1557 p.
224 1473 300 1549 355,
316 1471 483 1538 hibernici
504 1471 660 1558 loquendi
682 1467 852 1537 formulam
867 1469 1035 1534 Scotorum
1060 1490 1123 1532 no-

178 1601 253 1644 men
275 1575 397 1664 gentile
410 1575 533 1663 potiris,
553 1588 587 1642 et
613 1573 777 1662 iSclytir
799 1597 897 1660 quam
920 1577 1122 1660 patronymi-

178 1709 252 1752 cum
281 1687 301 1750 ὲ
329 1684 429 1750 Scora
457 1682 523 1748 ulla
556 1683 714 1768 majorum
738 1692 926 1750 nostrorum
953 1682 1122 1766 genetrice

178 1793 364 1868 demissum,
380 1789 553 1858 insinuare.
598 1787 678 1854 Non
699 1789 784 1854 enim
798 1789 923 1873 patitur
936 1799 973 1852 ut
992 1788 1122 1853 Olonna

178 1896 277 1974 saort,
315 1895 350 1960 id
379 1906 431 1960 est
458 1891 657 1979 Semtgenaa
691 1893 965 1980 quemadmodum
993 1893 1122 1960 cram

177 1999 271 2078 Mile,
298 1996 457 2076 Mlesior,
488 1999 615 2064 Cluana
646 1996 809 2078 Goidlriul,
842 2000 1024 2076 Gaidclos,·
1059 2004 1122 2068 sed

180 2105 266 2186 Scor,
292 2103 394 2183 Socii,
415 2105 580 2182 Scotqiblr,
602 2103 787 2187 Kinncscot,
809 2108 1032 2186 Scoittherhr;
1054 2109 1122 2176 hoc

178 2226 228 2280 est
246 2215 385 2290 Samum,
406 2211 531 2289 Scotor,
552 2210 672 2291 Sectis,
692 2235 795 2298 genus
811 2216 991 2294 Scoticum;
1014 2217 1121 2282 Scoti-

44 2349 48 2360 ·
179 2343 249 2389 com
270 2320 422 2405 linguam
481 2319 598 2404 Itaque
613 2321 737 2410 (pergit
750 2322 950 2408 Flahertius)
966 2323 1120 2405 Hiberni,

176 2451 221 2492 ex
236 2450 302 2512 quo
313 2424 508 2498 Hiberniam
524 2428 722 2508 insederant,
749 2453 794 2496 ex
808 2429 981 2497 Hiberniae
1002 2431 1121 2498 insulae

177 2539 305 2608 nomine
329 2535 553 2632 appellentur3
576 2537 755 2606 Scotivero
769 2539 894 2604 dudum
917 2550 1004 2617 ante,
1019 2541 1039 2603 ai
1053 2541 1122 2624 pri·

178 2669 239 2712 mae
250 2645 382 2729 originis
396 2644 467 2710 solo
481 2643 627 2729 Schytia,
643 2645 823 2712 audierant.
865 2644 1016 2722 Accedit,
1029 2645 1121 2731 quiid

177 2752 327 2836 pluribus
346 2753 609 2837 generationibus
633 2765 707 2818 ante
722 2752 926 2818 Milesianam
949 2752 1120 2830 coloniam,

181 2857 313 2922 Gaidelr‘
330 2859 547 2942 progenitoris
571 2860 686 2937 nostri,
707 2864 737 2941 (a
752 2883 818 2945 quo
832 2859 931 2925 hodie
947 2861 1024 2925 dum
1039 2860 1122 2926 Gai-

178 2959 244 3028 deli
255 2959 426 3026 vernacule
441 2962 696 3048 denominamur)
710 2988 874 3052 pronepos
888 2963 1031 3034 Hiberus
1041 2969 1122 3035 Scot

179 3069 353 3135 diceretur.

241 3175 333 3250 Quid
362 3198 407 3244 ex
435 3176 486 3242 his
509 3178 658 3243 omnibus
687 3178 869 3244 evidentius
894 3177 1118 3258 concluderet,

177 3284 265 3360 licet,
287 3284 386 3368 quim
400 3282 577 3358 Hibernos
598 3305 664 3348 non
678 3285 721 3350 ab
740 3284 806 3349 ulla
821 3283 921 3351 Scotd
936 3284 1119 3350 Pharaonis
1174 3333 1179 3340 -

178 3387 262 3467 filim
285 3387 345 3456 sed
359 3412 379 3454 a
394 3389 546 3474 Schytica
561 3390 705 3474 regione,
722 3391 810 3457 unde
825 3391 964 3477 primum
979 3390 1120 3477 profecti

178 3505 265 3573 sunt,
276 3495 392 3562 Scotos
408 3496 584 3582 appellari3
607 3519 789 3582 nomenque
803 3520 824 3562 a
834 3496 968 3583 populo,
990 3519 1048 3566 seu
1062 3497 1122 3561 ha-

177 3604 372 3672 bitatoribus
397 3604 431 3669 in
456 3615 586 3691 gentem
609 3615 725 3691 postea
742 3605 940 3683 derivatum
970 3603 1060 3690 quod
1085 3605 1122 3668 in

178 3731 275 3774 causa
290 3709 361 3787 fuit,
380 3732 438 3774 cur
453 3710 592 3783 Romani
604 3713 785 3799 Scriptores
795 3711 986 3780 Hiberniam
999 3711 1121 3778 deinde

178 3815 321 3886 Scotiam
343 3817 585 3904 appellaverint.
631 3820 852 3890 Nihilominus
866 3837 974 3889 tomen
988 3821 1030 3887 ad
1042 3822 1123 3887 Sco-
