2438 4308
460 371 642 422 munaum.

20 57 22 140 l

20 213 22 278 l

20 325 21 378 l

20 543 21 572 ¹
126 528 232 596 Terre
246 525 338 613 priris
353 526 500 614 glebosa,
514 527 674 613 nigroque
689 526 813 592 imbuta
827 525 953 606 colore;

20 583 22 680 l
87 635 250 700 Scinditur
263 635 297 698 in
312 647 422 720 partes
437 633 606 720 oblongas,
623 645 722 718 atque
734 635 910 718 quadratas
964 633 1030 704 280

87 739 167 816 Quae
179 739 248 806 sole
262 741 416 806 indurant
432 743 572 806 sensim:
594 741 670 807 dein
684 742 816 827 ignibus
832 753 909 828 apta

20 879 21 882 ¹
85 847 252 927 Materies,
267 850 321 914 cui
330 872 396 915 non
406 848 529 936 lignum
543 848 595 915 vel
609 847 728 915 fossilis
740 851 812 936 ipse

85 956 191 1020 Carbo
203 967 345 1040 praeest3
369 955 451 1023 celet
465 956 526 1034 ,illa
540 957 609 1034 diu,
625 957 798 1043 duratque,
820 981 999 1046 parumque

20 1077 21 1138 ]
83 1061 240 1128 Producit
253 1061 333 1129 lumi
345 1089 355 1140 3
376 1064 430 1128 vix
445 1065 595 1128 sordibus
609 1063 711 1130 inficit
725 1065 830 1130 aedes,

20 1139 22 1206 l
84 1166 217 1248 Lector,
230 1166 334 1232 habes
353 1167 489 1233 strictim
504 1179 586 1253 quot
600 1167 760 1236 Hibernia
771 1169 940 1235 commoda
954 1191 1029 1254 pro-

167 1275 244 1342 fert.
964 1277 1028 1342 285

84 1382 203 1448 Omnia
217 1382 413 1448 carminibus
428 1391 594 1466 nequeunt
609 1383 835 1470 comprendier
849 1384 919 1451 istis

20 1525 21 1530 1
84 1489 169 1564 Quae
184 1487 298 1574 plures
313 1500 404 1555 vates
419 1500 452 1554 et
469 1488 562 1574 plura
578 1488 897 1575 voluminaposcunt.

20 1615 21 1652 1
123 1595 192 1666 Hic
204 1597 304 1682 igitur
318 1607 439 1661 nostrae
454 1608 548 1662 taceo
563 1596 757 1661 commercia
771 1596 899 1682 gentis:

20 1657 22 1782 l
82 1703 213 1791 Anglus
225 1715 259 1769 et
275 1702 472 1782 Hollandus,
481 1705 651 1790 vicinaque
659 1702 781 1782 littore,
797 1703 886 1768 Galli

20 1791 21 1826 r
82 1810 289 1896 Hispanique
305 1813 422 1890 sciunt,
439 1822 626 1896 semotaque
641 1809 751 1876 littora
763 1809 909 1897 Ganges.
962 1812 1028 1877 290

82 1917 172 1985 Folle
186 1929 314 1982 tumens
329 1915 458 2004 Anglus
474 1917 576 1994 sileat,
591 1915 643 1982 vel
657 1917 781 1981 fraudis
796 1918 969 1982 abundans

81 2024 209 2104 Scotus,
225 2025 259 2089 in
271 2025 356 2090 hanc
370 2035 501 2110 gentem
512 2025 569 2109 qui
584 2025 705 2110 scripta
716 2023 839 2090 insulsa
850 2025 982 2091 dedere.

84 2133 217 2199 Scilicet
232 2131 413 2220 Anglorum
427 2134 521 2200 nobis
536 2134 663 2199 inimica
678 2144 824 2219 potestas

20 2297 25 2346 p
83 2238 251 2327 Scotique,
267 2251 304 2305 ut
318 2242 466 2326 proprias
481 2241 607 2326 possint
622 2237 777 2305 extollere
792 2251 922 2326 gentes,

22 2346 26 2355 '
82 2345 190 2410 Nobis
205 2346 263 2431 qui
276 2357 310 2410 et
325 2347 416 2432 genti
428 2345 597 2410 mendacia
612 2343 749 2432 plurima
763 2343 902 2431 fingunt.
962 2347 1028 2411 295

82 2452 226 2518 Usserus
241 2454 346 2532 testis,
363 2455 454 2519 testis
469 2451 674 2530 venerabilis,
690 2463 761 2517 esto

82 2557 175 2624 Beda
189 2557 287 2622 mihis
305 2557 419 2638 lector,
434 2569 575 2645 quantus
591 2557 632 2622 sit
647 2556 739 2620 testis
755 2557 913 2640 uterque!

80 2665 204 2732 Albion
217 2664 358 2732 occultat
372 2676 482 2731 nostro
498 2665 560 2731 sub
574 2663 703 2729 nomine
718 2661 867 2727 fraudem

82 2770 213 2848 Scotus,
228 2781 262 2836 et
272 2782 310 2835 ut
324 2781 452 2836 nostras
466 2769 581 2835 laudes
598 2770 658 2834 sibi
671 2769 802 2848 scribat,
818 2767 974 2835 Hibernis

81 2877 226 2964 Imponit
240 2877 326 2944 fictis
342 2878 510 2944 mendacis
523 2877 661 2964 plurima
673 2875 781 2943 larvis.
962 2877 1027 2942 300

20 3015 21 3018 ’
81 2986 195 3062 Quid?
211 2987 301 3072 quod
315 2997 348 3052 et
361 2987 543 3064 historicos,
552 2984 760 3072 linguamque
771 2985 899 3070 ignoret
909 2984 1014 3048 Iernae

81 3092 231 3178 Scriptor
242 3101 391 3180 uterque,
406 3115 564 3178 suumque
579 3103 678 3177 caput
694 3093 762 3157 sine
773 3090 846 3178 lege
861 3101 1023 3176 sequatur.

80 3197 241 3264 Historici
257 3201 397 3276 externi,
411 3222 469 3264 vos
486 3198 541 3264 hic
557 3197 704 3263 obtestor
719 3208 752 3261 et
767 3218 836 3275 oro,

20 3267 23 3364 l
78 3300 212 3388 Regula
225 3323 267 3366 ne
281 3304 349 3368 veri
362 3305 426 3369 sint
440 3304 534 3369 nobis
551 3301 669 3368 Scotus
684 3313 717 3368 et
730 3299 874 3388 Anglus,

79 3407 188 3482 Quive
203 3405 275 3472 illos
292 3410 438 3494 sequitur
453 3408 536 3474 male
545 3419 660 3474 cautus
676 3419 710 3474 at
725 3409 844 3475 inscius
856 3421 980 3490 auctor,

79 3512 190 3588 Quam
202 3512 293 3597 prius
307 3511 450 3579 immissi
463 3513 532 3579 veri
546 3511 669 3580 trutinis
683 3513 831 3578 omnibus
846 3511 951 3601 aequd,
961 3514 1025 3580 306
1060 3573 1062 3576 ⁴

78 3618 190 3692 Quam
205 3617 301 3684 decet
316 3618 518 3687 Historicum
533 3643 661 3708 semper
675 3637 803 3686 servare
817 3620 966 3700 fidelem;

78 3723 245 3793 ductores
259 3727 395 3814 patrios,
411 3727 463 3794 vel
476 3738 609 3796 neutros
625 3726 769 3809 consule,
784 3724 912 3799 lector,

20 3805 23 4018 ι
833 3851 854 3895 ι
