2440 4292
499 343 677 394 ntrrnnm.
999 329 1059 393 105

118 496 238 560 exteris
259 517 325 561 non
347 507 412 562 tam
432 497 526 564 facile
549 498 659 566 efferri
679 498 796 584 possit)
820 498 914 566 Duce
937 496 1059 565 Nuado

117 601 361 688 Argentimnno,
377 627 420 668 ex
431 603 624 690 Aquiloneri
643 605 821 674 Britanniae
835 617 930 692 parte
949 609 983 672 in
997 607 1060 674 Hi-

116 708 261 774 berniam
274 711 491 796 irrnpserunt,
513 713 690 802 Betyisqce
701 735 761 780 seu
770 715 909 801 Frrbclg
919 715 952 780 in
961 711 1060 800 Moy-

114 815 236 880 mensi
244 815 356 899 praelio
367 816 469 901 (quod
476 819 574 904 juxte
581 829 703 884 nostre
713 819 820 906 gentis
832 817 1057 907 Chronologos

114 939 188 984 curn
202 919 346 987 Excidio
359 921 507 1011 Trojano
518 924 683 1008 coincidit)
698 925 844 1004 devictis,
860 937 1008 1011 quartam
1021 929 1056 992 in

116 1025 280 1095 Hibernia
294 1030 461 1098 Coloniam
475 1032 719 1118 implantfirunt,
733 1055 818 1100 enno
832 1033 946 1098 mundi
959 1031 1055 1100 2737.

20 1171 21 1196 i
114 1137 209 1201 arinis
226 1139 278 1204 80.
292 1151 369 1204 ante
382 1162 528 1207 eversam
541 1141 687 1227 Trojem.

181 1240 299 1321 Porro,
313 1239 497 1323 Densnnte‚
514 1244 659 1331 reliquie
685 1256 778 1311 erant
796 1245 1056 1328 Nemethiornm,

20 1331 21 1366 ³
116 1349 173 1432 qui
195 1371 214 1413 n
236 1349 394 1417 Fomoriis
417 1351 527 1431 deleti,
551 1353 660 1440 fugam
684 1375 725 1419 ex
748 1351 912 1420 Hiberniri
932 1357 1058 1441 arripu-

19 1529 21 1556 ι
113 1467 208 1521 erunt
219 1479 271 1522 an.
288 1461 399 1524 mnndi
413 1462 509 1526 2246.
534 1471 570 1524 ut
594 1471 668 1525 ante
690 1461 823 1537 dictum,
844 1461 894 1524 vel
909 1462 942 1525 in
955 1463 1055 1528 Scan·

19 1557 20 1570 ¹
117 1564 213 1642 diem,
229 1576 267 1630 ut
280 1567 350 1633 vult
361 1568 555 1649 Flehertius,
571 1568 667 1634 Duce
678 1568 817 1633 Ibotlte:
839 1566 889 1632 vel
900 1565 1055 1645 Athenas,

118 1671 174 1734 ubi
187 1673 322 1758 magicis
337 1673 462 1741 artibus
477 1697 512 1740 se
527 1672 766 1760 applicuerunt,
786 1693 890 1757 usque
906 1671 984 1736 dum
1000 1694 1057 1757 op·

18 1829 19 1834 ,
118 1779 233 1863 pressi,
248 1800 309 1865 per
323 1779 464 1846 Danism
485 1783 604 1846 iterum
623 1789 657 1845 et
674 1779 874 1866 Norvegiem
888 1780 922 1844 in
936 1779 1058 1846 Hiberd

16 2715 18 2766 i

118 1887 202 1950 niem
216 1886 372 1966 redirent,
392 1867 429 1952 ot
448 1887 502 1952 olii
521 1885 634 1952 volunt
647 1885 843 1970 Antiqusrii.
889 1884 956 1950 Sed
976 1885 1057 1950 mihi

118 1991 275 2058 Finhertii
302 1995 431 2084 opinio,
453 2014 529 2081 quae
552 1993 699 2058 Ibcthem
723 1993 760 2057 in·
778 1992 953 2058 scandiam
981 2015 1054 2057 cum

114 2099 184 2162 suis
207 2097 361 2185 effugisse
383 2102 511 2182 asserit,
532 2102 635 2187 magis
658 2101 799 2167 arridet:
822 2101 878 2166 ubi
901 2121 1054 2166 successu

115 2206 280 2290 temporis,
295 2207 433 2286 Foliam,
452 2208 597 2288 Goricm,
613 2219 646 2275 et
661 2208 805 2274 Mariam
821 2209 918 2274 urbes
933 2207 1054 2274 incolu-

115 2323 231 2392 erunt3
252 2324 288 2378 et
302 2313 421 2379 deinde
440 2335 552 2381 eornm
569 2317 694 2400 posteri
712 2316 755 2380 ad
775 2313 1053 2401 Septentrionales

119 2417 295 2485 Britanniae
310 2440 420 2506 partes
437 2443 471 2486 se
487 2420 705 2498 contulerunt,
721 2421 777 2485 ubi
792 2421 878 2486 circe
894 2421 1006 2483 Dobar
1020 2429 1055 2483 et

117 2525 257 2590 Indobor
282 2528 481 2603 commorati,
510 2528 615 2600 donec
640 2525 736 2592 Duce
763 2523 883 2586 Nuado
907 2521 1056 2605 Arcenti-

117 2655 219 2711 ωηο,
234 2643 272 2698 nt
281 2635 349 2718 jem
366 2634 563 2711 dictumest,
585 2632 778 2698 Hiberniam
797 2627 982 2705 invaserint,
1007 2651 1057 2694 se·

114 2739 237 2824 desque
248 2740 306 2817 ibi,
322 2737 466 2835 expulsis
479 2739 602 2825 Belgis,
618 2740 678 2802 151
692 2737 803 2813 amnis,-
812 2757 915 2822 usque
927 2736 970 2802 ed
981 2737 1056 2802 Sco-

117 2857 217 2912 tomm
236 2869 294 2912 seu
313 2847 529 2913 momorum
555 2845 740 2924 adventum,
768 2845 853 2910 fixos
878 2846 1053 2920 tenuerint,

115 2976 174 3039 per
195 2975 309 3019 novem
331 2965 458 3020 tentum
481 2973 588 3038 reges,
622 2973 761 3037 quorum
784 2953 890 3018 dictus
913 2950 1053 3016 Nusdus

16 3081 17 3146 j
114 3060 288 3137 secundus,
310 3061 372 3125 etsi
392 3059 516 3144 primus
531 3054 676 3123 Colonise
691 3057 819 3123 Ductor
842 3055 937 3140 cujus
958 3076 1055 3139 gene·

116 3167 253 3254 alogiam
267 3167 341 3233 vide
356 3170 391 3232 in
405 3167 577 3233 Schemate
593 3163 825 3252 Genealogieo.
940 3245 942 3249 Ι

179 3274 294 3360 Itaque
323 3275 463 3340 Ncadcs
496 3271 561 3352 hic,
606 3271 841 3340 Denennarum
870 3267 1050 3355 Strategus,

117 3383 197 3448 fusis
212 3383 246 3446 in
261 3380 465 3467 Moyturensi
485 3376 599 3464 praelio
614 3378 731 3463 Belgis
750 3395 926 3459 eorumque
942 3373 1053 3439 ultimo

117 3511 204 3575 rege,
221 3487 360 3569 Achaio,
376 3497 551 3572 amputatos
566 3481 679 3550 mantis
695 3503 789 3546 usum
804 3480 929 3556 emisit:
953 3499 1054 3563 quare

115 3593 159 3659 iili
174 3605 327 3681 argentea
346 3614 462 3660 manns
476 3593 652 3678 adepteta3
675 3586 762 3652 unde
777 3585 915 3755 Nugdus
929 3583 1054 3668 Arqen·
1098 3639 1099 3642 ,

799 3713 819 3757 n
