2438 4308
159 276 203 340 32
533 285 722 344 ,uisurum

160 445 237 512 Non
250 443 352 510 hebet
365 444 413 509 ira
425 439 569 518 modum,
582 438 635 505 vel
648 448 760 504 nostra
774 436 892 524 injurie
904 437 1003 506 finem
1016 442 1024 504 ί

159 549 241 620 Fors
256 550 370 617 audire
384 550 476 636 cupis
491 547 597 635 gentis
613 546 769 614 mavortia
782 557 901 612 nostrae

160 659 262 726 Facta
277 656 362 723 olim.
408 657 493 731 Quis
508 654 593 720 enim
609 653 660 719 vel
674 664 768 740 gesta
782 655 926 721 recentia
939 656 1073 722 nescit?

157 765 309 831 Adverso
320 785 504 850 quanquam
519 763 626 840 nobis,
640 759 726 846 proh
739 760 891 826 numina!
909 759 987 826 fato.
1024 762 1107 828 '495

158 871 222 937 'l'er
236 871 372 958 legimus
387 870 501 937 Danoa
516 866 623 934 valida
637 890 709 933 cum
729 867 831 933 classe
846 867 993 954 repulsos

160 977 295 1043 Finibus
311 1001 329 1044 e
344 977 462 1043 nostris
477 997 558 1062 quos
575 977 636 1040 sub
651 975 774 1041 ditione
785 978 951 1055 tenebant,

157 1083 337 1150 Terribiles
352 1084 428 1153 olim
441 1083 539 1150 Dani.
584 1083 754 1150 Boromaee
770 1083 913 1151 Brienne

158 1190 282 1278 Magna
298 1190 480 1258 Monarcha
494 1191 565 1275 (tuo
578 1212 701 1277 genero
716 1192 860 1257 sociante
874 1191 1024 1258 Thadoeo

157 1298 310 1385 Principe
325 1298 498 1365 O'Kelleae
513 1299 637 1384 stripis)
653 1308 722 1363 tum
741 1298 825 1364 forte
841 1298 969 1379 diebus,
1011 1297 1017 1306 ’
1037 1300 1106 1366 500

158 1405 340 1472 Clontarvis
355 1405 458 1473 multo
473 1407 643 1472 commisso
657 1405 757 1472 milite
772 1407 805 1470 in
821 1407 918 1488 arvis,

157 1513 293 1599 Ejecisti
304 1515 415 1582 hostes
429 1515 556 1601 patriae,
570 1515 717 1581 dicamne
731 1526 896 1601 tyrannos.

201 1622 333 1689 Scilicet
347 1624 380 1687 in
396 1621 480 1689 duri
491 1624 625 1690 tenuere
641 1623 812 1711 tyrannide
827 1635 976 1709 gentem3

157 1730 299 1818 Relligio
315 1731 444 1810 violata,
460 1755 520 1798 nec
534 1733 656 1819 hospes
671 1733 713 1798 ab
727 1732 859 1818 hospite
870 1743 961 1798 tutus
974 1759 983 1811 ς

157 1837 310 1924 Conjugii
324 1836 441 1902 violata
455 1837 551 1916 fides,
563 1838 745 1923 violataque
752 1839 840 1924 jura,
1037 1842 1103 1906 505

156 1945 364 2030 Insidiaeque,
380 1954 414 2009 et
428 1944 486 2022 vis,
499 1954 596 2029 etque
613 1943 726 2010 ultima
739 1946 873 2011 crimine
883 1956 1024 2032 regnaut

157 2051 228 2118 Sub
243 2051 359 2130 Dacis,
371 2050 476 2115 donec
492 2051 585 2116 Deus
600 2052 671 2136 ipae
686 2051 836 2117 misertus
848 2052 965 2131 Iernae,
1087 2063 1091 2068 '

156 2159 385 2244 Accenditque
400 2159 542 2224 animum
557 2159 654 2244 regis,
670 2159 738 2244 qui,
752 2158 853 2224 milite
868 2181 975 2245 pauco

158 2264 296 2354 Expulit
307 2266 443 2332 immites
460 2265 585 2345 Dauos,
602 2288 770 2352 saevosque
784 2277 950 2352 tyrannos.

199 2373 331 2460 Aggere
346 2383 502 2458 congesto
516 2373 595 2459 quin
611 2371 857 2460 propugnacula
871 2375 976 2439 cernis
1034 2375 1101 2439 510

154 2481 303 2548 Ananis
319 2491 489 2560 extructa3
512 2503 572 2568 per
586 2480 754 2546 intervalla
766 2479 923 2560 locorum,

156 2587 317 2655 Excubiis
332 2590 458 2676 positis,
474 2589 541 2674 qui,
557 2587 644 2654 fecto
656 2588 787 2664 lumine,
804 2589 896 2674 signe

153 2695 273 2760 Mutua
287 2694 445 2774 fecerunt,
461 2697 488 2759 si
502 2719 567 2780 qua
581 2695 649 2760 fdrs
664 2708 758 2780 perte
773 2696 898 2760 veniret

154 2801 270 2866 Hortis
285 2813 322 2865 ut
335 2803 501 2866 incautum
515 2802 662 2886 perimat,
679 2801 740 2877 vel,
756 2801 870 2869 fortior
885 2804 980 2869 armis

154 2910 296 2974 Sedibus
311 2907 456 2993 expellet
469 2919 600 2974 terreno
612 2932 653 2974 ex
668 2933 788 2996 aggere
804 2891 907 2978 lactis.
1031 2911 1096 2974 515

196 3014 276 3080 Non
289 3013 400 3079 abiere
415 3024 523 3078 tamen
537 3016 630 3090 vacui
644 3016 686 3081 de
697 3014 809 3082 littore
822 3017 911 3083 Dani

154 3123 244 3201 Quin
258 3134 293 3190 et
306 3123 433 3188 divitias
449 3123 541 3210 regni
556 3125 706 3211 rapuere,
718 3123 895 3210 librosque.

153 3233 274 3298 Libros
289 3234 435 3314 amissos,
449 3254 531 3317 quos
544 3256 632 3299 nunc
644 3232 805 3299 Hibernia
819 3231 922 3320 luget.

194 3339 355 3426 Nunquid
371 3340 412 3406 ad
428 3338 598 3419 Albiones,
615 3339 777 3407 Hibernia
790 3351 903 3406 nostra
917 3338 1050 3406 colonos

151 3447 339 3515 Transmisit
351 3446 478 3527 Scotos,
487 3447 653 3513 Pictorum
668 3459 701 3512 et
716 3447 873 3533 sanguine
886 3445 1018 3512 Thulen
1030 3448 1097 3512 520

154 3556 344 3622 Extremam
357 3555 520 3643 opplevit:
544 3554 737 3621 maduerunt
753 3554 884 3621 Saxone
899 3554 973 3620 fuso

151 3663 320 3731 Orcades:
337 3662 425 3731 haud
442 3661 594 3731 Britones
609 3659 756 3729 Romana
768 3661 914 3746 potentie
925 3670 1041 3728 contra
