<?xml version="1.0" encoding="UTF-8"?>
<!DOCTYPE html PUBLIC "-//W3C//DTD XHTML 1.0 Transitional//EN"
    "http://www.w3.org/TR/xhtml1/DTD/xhtml1-transitional.dtd">
<html xmlns="http://www.w3.org/1999/xhtml" xml:lang="en" lang="en">
 <head>
  <title>
</title>
<meta http-equiv="Content-Type" content="text/html;charset=utf-8" />
  <meta name='ocr-system' content='tesseract 3.04.00' />
  <meta name='ocr-capabilities' content='ocr_page ocr_carea ocr_par ocr_line ocrx_word'/>
</head>
<body>
  <div class='ocr_page' id='page_1' title='image "./historicadescri00daggoog_0236.png"; bbox 0 0 2412 4292; ppageno 0'>
   <div class='ocr_carea' id='block_1_1' title="bbox 489 267 1045 352">
    <p class='ocr_par' dir='ltr' id='par_1_1' title="bbox 489 267 1045 352">
     <span class='ocr_line' id='line_1_1' title="bbox 489 267 1045 352; baseline -0.004 -6"><span class='ocrx_word' id='word_1_1' title='bbox 489 297 665 352; x_wconf 76' lang='lat' dir='ltr'><strong>urrunnu.</strong></span> <span class='ocrx_word' id='word_1_2' title='bbox 790 267 797 280; x_wconf 77' lang='grc'><strong>’</strong></span> <span class='ocrx_word' id='word_1_3' title='bbox 980 281 1045 346; x_wconf 67' lang='grc'><strong>219</strong></span> 
     </span>
    </p>
   </div>
   <div class='ocr_carea' id='block_1_2' title="bbox 7 447 1046 3438">
    <p class='ocr_par' dir='ltr' id='par_1_2' title="bbox 7 447 1046 3438">
     <span class='ocr_line' id='line_1_2' title="bbox 99 447 1046 538; baseline -0.004 -20"><span class='ocrx_word' id='word_1_4' title='bbox 99 447 252 538; x_wconf 77' lang='lat' dir='ltr'><strong>Regibus</strong></span> <span class='ocrx_word' id='word_1_5' title='bbox 266 451 518 538; x_wconf 83' lang='lat' dir='ltr'><strong>provincialibus</strong></span> <span class='ocrx_word' id='word_1_6' title='bbox 533 453 675 521; x_wconf 73' lang='lat' dir='ltr'><strong>Coronae</strong></span> <span class='ocrx_word' id='word_1_7' title='bbox 694 474 789 520; x_wconf 88' lang='lat' dir='ltr'><strong>usum</strong></span> <span class='ocrx_word' id='word_1_8' title='bbox 802 453 924 519; x_wconf 84' lang='lat' dir='ltr'><strong>innuit:</strong></span> <span class='ocrx_word' id='word_1_9' title='bbox 948 451 1046 536; x_wconf 89' lang='lat' dir='ltr'><strong>siqui-</strong></span> 
     </span>
     <span class='ocr_line' id='line_1_3' title="bbox 98 559 1045 650; baseline 0.001 -26"><span class='ocrx_word' id='word_1_10' title='bbox 98 560 173 626; x_wconf 86' lang='lat' dir='ltr'><strong>dem</strong></span> <span class='ocrx_word' id='word_1_11' title='bbox 189 583 251 626; x_wconf 87' lang='lat' dir='ltr'><strong>ncc</strong></span> <span class='ocrx_word' id='word_1_12' title='bbox 266 559 331 640; x_wconf 92' lang='lat' dir='ltr'><strong>ille,</strong></span> <span class='ocrx_word' id='word_1_13' title='bbox 346 583 406 627; x_wconf 89' lang='lat' dir='ltr'><strong>nec</strong></span> <span class='ocrx_word' id='word_1_14' title='bbox 421 560 502 626; x_wconf 86' lang='lat' dir='ltr'><strong>alius</strong></span> <span class='ocrx_word' id='word_1_15' title='bbox 518 563 692 650; x_wconf 86' lang='lat' dir='ltr'><strong>quisquam</strong></span> <span class='ocrx_word' id='word_1_16' title='bbox 706 584 724 628; x_wconf 88' lang='lat' dir='ltr'><strong>e</strong></span> <span class='ocrx_word' id='word_1_17' title='bbox 740 561 917 648; x_wconf 85' lang='lat' dir='ltr'><strong>majoribus</strong></span> <span class='ocrx_word' id='word_1_18' title='bbox 932 560 1045 626; x_wconf 84' lang='lat' dir='ltr'><strong>saltem</strong></span> 
     </span>
     <span class='ocr_line' id='line_1_4' title="bbox 103 667 1046 755; baseline 0.002 -23"><span class='ocrx_word' id='word_1_19' title='bbox 103 668 311 748; x_wconf 71' lang='lat' dir='ltr'><strong>Christianis,</strong></span> <span class='ocrx_word' id='word_1_20' title='bbox 332 679 452 754; x_wconf 81' lang='lat' dir='ltr'><strong>praeter</strong></span> <span class='ocrx_word' id='word_1_21' title='bbox 471 681 609 754; x_wconf 87' lang='lat' dir='ltr'><strong>patrem,</strong></span> <span class='ocrx_word' id='word_1_22' title='bbox 633 691 693 754; x_wconf 87' lang='lat' dir='ltr'><strong>pro</strong></span> <span class='ocrx_word' id='word_1_23' title='bbox 715 689 792 755; x_wconf 81' lang='lat' dir='ltr'><strong>rege</strong></span> <span class='ocrx_word' id='word_1_24' title='bbox 805 667 975 734; x_wconf 78' lang='lat' dir='ltr'><strong>Hiberniae</strong></span> <span class='ocrx_word' id='word_1_25' title='bbox 989 689 1046 754; x_wconf 83' lang='lat' dir='ltr'><strong>ag·</strong></span> 
     </span>
     <span class='ocr_line' id='line_1_5' title="bbox 97 773 1043 861; baseline -0.002 -19"><span class='ocrx_word' id='word_1_26' title='bbox 97 777 187 850; x_wconf 79' lang='lat' dir='ltr'><strong>nitus</strong></span> <span class='ocrx_word' id='word_1_27' title='bbox 202 777 274 844; x_wconf 87' lang='lat' dir='ltr'><strong>fuit.</strong></span> <span class='ocrx_word' id='word_1_28' title='bbox 318 777 423 842; x_wconf 73' lang='lat' dir='ltr'><strong>Porro</strong></span> <span class='ocrx_word' id='word_1_29' title='bbox 435 775 633 842; x_wconf 88' lang='lat' dir='ltr'><strong>Donnchadi</strong></span> <span class='ocrx_word' id='word_1_30' title='bbox 644 778 801 843; x_wconf 82' lang='lat' dir='ltr'><strong>Coronam</strong></span> <span class='ocrx_word' id='word_1_31' title='bbox 812 773 904 861; x_wconf 88' lang='lat' dir='ltr'><strong>Papa</strong></span> <span class='ocrx_word' id='word_1_32' title='bbox 913 774 1043 861; x_wconf 80' lang='lat' dir='ltr'><strong>Anglioe</strong></span> 
     </span>
     <span class='ocr_line' id='line_1_6' title="bbox 97 881 1046 969; baseline -0.003 -21"><span class='ocrx_word' id='word_1_33' title='bbox 97 884 170 969; x_wconf 86' lang='lat' dir='ltr'><strong>regi</strong></span> <span class='ocrx_word' id='word_1_34' title='bbox 184 884 370 963; x_wconf 81' lang='lat' dir='ltr'><strong>transmisit,</strong></span> <span class='ocrx_word' id='word_1_35' title='bbox 386 907 452 948; x_wconf 92' lang='lat' dir='ltr'><strong>non</strong></span> <span class='ocrx_word' id='word_1_36' title='bbox 468 894 504 948; x_wconf 92' lang='lat' dir='ltr'><strong>ut</strong></span> <span class='ocrx_word' id='word_1_37' title='bbox 518 906 590 948; x_wconf 88' lang='lat' dir='ltr'><strong>eam</strong></span> <span class='ocrx_word' id='word_1_38' title='bbox 611 885 776 962; x_wconf 85' lang='lat' dir='ltr'><strong>retineret,</strong></span> <span class='ocrx_word' id='word_1_39' title='bbox 791 883 850 948; x_wconf 88' lang='lat' dir='ltr'><strong>sed</strong></span> <span class='ocrx_word' id='word_1_40' title='bbox 864 894 902 948; x_wconf 91' lang='lat' dir='ltr'><strong>ut</strong></span> <span class='ocrx_word' id='word_1_41' title='bbox 916 905 987 950; x_wconf 84' lang='lat' dir='ltr'><strong>eam</strong></span> <span class='ocrx_word' id='word_1_42' title='bbox 1000 881 1046 946; x_wconf 87' lang='lat' dir='ltr'><strong>lc-</strong></span> 
     </span>
     <span class='ocr_line' id='line_1_7' title="bbox 96 988 1045 1076; baseline 0.003 -23"><span class='ocrx_word' id='word_1_43' title='bbox 96 988 211 1075; x_wconf 87' lang='lat' dir='ltr'><strong>gitimo</strong></span> <span class='ocrx_word' id='word_1_44' title='bbox 226 991 370 1057; x_wconf 85' lang='lat' dir='ltr'><strong>traderet</strong></span> <span class='ocrx_word' id='word_1_45' title='bbox 384 991 518 1056; x_wconf 90' lang='lat' dir='ltr'><strong>haeredi.</strong></span> <span class='ocrx_word' id='word_1_46' title='bbox 562 990 674 1076; x_wconf 87' lang='lat' dir='ltr'><strong>Atque</strong></span> <span class='ocrx_word' id='word_1_47' title='bbox 683 991 781 1056; x_wconf 87' lang='lat' dir='ltr'><strong>etism</strong></span> <span class='ocrx_word' id='word_1_48' title='bbox 796 991 933 1069; x_wconf 81' lang='lat' dir='ltr'><strong>Corona,</strong></span> <span class='ocrx_word' id='word_1_49' title='bbox 948 989 1045 1056; x_wconf 83' lang='lat' dir='ltr'><strong>Gem-</strong></span> 
     </span>
     <span class='ocr_line' id='line_1_8' title="bbox 97 1095 1046 1185; baseline 0 -25"><span class='ocrx_word' id='word_1_50' title='bbox 97 1116 168 1177; x_wconf 83' lang='lat' dir='ltr'><strong>moe,</strong></span> <span class='ocrx_word' id='word_1_51' title='bbox 182 1095 317 1183; x_wconf 79' lang='lat' dir='ltr'><strong>sliaeque</strong></span> <span class='ocrx_word' id='word_1_52' title='bbox 332 1100 546 1185; x_wconf 83' lang='lat' dir='ltr'><strong>respretiosae</strong></span> <span class='ocrx_word' id='word_1_53' title='bbox 571 1100 605 1164; x_wconf 93' lang='lat' dir='ltr'><strong>in</strong></span> <span class='ocrx_word' id='word_1_54' title='bbox 625 1108 740 1184; x_wconf 82' lang='lat' dir='ltr'><strong>aperto</strong></span> <span class='ocrx_word' id='word_1_55' title='bbox 763 1097 906 1182; x_wconf 87' lang='lat' dir='ltr'><strong>quodam</strong></span> <span class='ocrx_word' id='word_1_56' title='bbox 927 1098 960 1163; x_wconf 91' lang='lat' dir='ltr'><strong>in</strong></span> <span class='ocrx_word' id='word_1_57' title='bbox 983 1095 1046 1162; x_wconf 91' lang='lat' dir='ltr'><strong>Hi-</strong></span> 
     </span>
     <span class='ocr_line' id='line_1_9' title="bbox 97 1203 1044 1292; baseline 0 -22"><span class='ocrx_word' id='word_1_58' title='bbox 97 1203 225 1284; x_wconf 89' lang='lat' dir='ltr'><strong>bernia,</strong></span> <span class='ocrx_word' id='word_1_59' title='bbox 244 1203 406 1292; x_wconf 88' lang='lat' dir='ltr'><strong>sepulcro,</strong></span> <span class='ocrx_word' id='word_1_60' title='bbox 421 1205 539 1273; x_wconf 88' lang='lat' dir='ltr'><strong>Mense</strong></span> <span class='ocrx_word' id='word_1_61' title='bbox 552 1205 706 1291; x_wconf 87' lang='lat' dir='ltr'><strong>Augusto</strong></span> <span class='ocrx_word' id='word_1_62' title='bbox 718 1204 805 1271; x_wconf 90' lang='lat' dir='ltr'><strong>Ann.</strong></span> <span class='ocrx_word' id='word_1_63' title='bbox 826 1205 919 1270; x_wconf 84' lang='grc'><strong>1703.</strong></span> <span class='ocrx_word' id='word_1_64' title='bbox 933 1206 1044 1272; x_wconf 87' lang='lat' dir='ltr'><strong>inven-</strong></span> 
     </span>
     <span class='ocr_line' id='line_1_10' title="bbox 96 1311 1043 1398; baseline 0.001 -24"><span class='ocrx_word' id='word_1_65' title='bbox 96 1319 154 1389; x_wconf 76' lang='lat' dir='ltr'><strong>tae,</strong></span> <span class='ocrx_word' id='word_1_66' title='bbox 177 1311 258 1395; x_wconf 91' lang='lat' dir='ltr'><strong>quin</strong></span> <span class='ocrx_word' id='word_1_67' title='bbox 280 1313 323 1378; x_wconf 86' lang='lat' dir='ltr'><strong>ad</strong></span> <span class='ocrx_word' id='word_1_68' title='bbox 347 1313 473 1398; x_wconf 82' lang='lat' dir='ltr'><strong>priscos</strong></span> <span class='ocrx_word' id='word_1_69' title='bbox 492 1313 663 1379; x_wconf 73' lang='lat' dir='ltr'><strong>Hiberniae</strong></span> <span class='ocrx_word' id='word_1_70' title='bbox 682 1335 789 1398; x_wconf 85' lang='lat' dir='ltr'><strong>reges,</strong></span> <span class='ocrx_word' id='word_1_71' title='bbox 815 1313 1043 1398; x_wconf 77' lang='lat' dir='ltr'><strong>spectaverint,</strong></span> 
     </span>
     <span class='ocr_line' id='line_1_11' title="bbox 97 1413 1040 1500; baseline 0.004 -20"><span class='ocrx_word' id='word_1_72' title='bbox 97 1413 235 1486; x_wconf 87' lang='lat' dir='ltr'><strong>dubium</strong></span> <span class='ocrx_word' id='word_1_73' title='bbox 256 1443 322 1486; x_wconf 91' lang='lat' dir='ltr'><strong>non</strong></span> <span class='ocrx_word' id='word_1_74' title='bbox 340 1431 411 1500; x_wconf 82' lang='lat' dir='ltr'><strong>est3</strong></span> <span class='ocrx_word' id='word_1_75' title='bbox 436 1420 566 1486; x_wconf 84' lang='lat' dir='ltr'><strong>Corona</strong></span> <span class='ocrx_word' id='word_1_76' title='bbox 587 1421 673 1486; x_wconf 85' lang='lat' dir='ltr'><strong>enim</strong></span> <span class='ocrx_word' id='word_1_77' title='bbox 687 1417 731 1487; x_wconf 82' lang='lat' dir='ltr'><strong>R.</strong></span> <span class='ocrx_word' id='word_1_78' title='bbox 745 1419 863 1486; x_wconf 83' lang='lat' dir='ltr'><strong>Jacobi</strong></span> <span class='ocrx_word' id='word_1_79' title='bbox 880 1418 932 1484; x_wconf 92' lang='grc' dir='ltr'><strong>ΙΙ.</strong></span> <span class='ocrx_word' id='word_1_80' title='bbox 947 1418 989 1484; x_wconf 86' lang='lat' dir='ltr'><strong>nd</strong></span> <span class='ocrx_word' id='word_1_81' title='bbox 1005 1415 1040 1484; x_wconf 86' lang='lat' dir='ltr'><strong>S.</strong></span> 
     </span>
     <span class='ocr_line' id='line_1_12' title="bbox 98 1521 630 1594; baseline 0.006 -4"><span class='ocrx_word' id='word_1_82' title='bbox 98 1521 302 1594; x_wconf 77' lang='lat' dir='ltr'><strong>Germanum</strong></span> <span class='ocrx_word' id='word_1_83' title='bbox 317 1527 434 1594; x_wconf 84' lang='lat' dir='ltr'><strong>Gallioe</strong></span> <span class='ocrx_word' id='word_1_84' title='bbox 449 1527 559 1594; x_wconf 85' lang='lat' dir='ltr'><strong>delata</strong></span> <span class='ocrx_word' id='word_1_85' title='bbox 570 1536 630 1593; x_wconf 87' lang='lat' dir='ltr'><strong>est.</strong></span> 
     </span>
     <span class='ocr_line' id='line_1_13' title="bbox 71 1628 1044 1718; baseline -0.004 -18"><span class='ocrx_word' id='word_1_86' title='bbox 71 1640 80 1660; x_wconf 83' lang='lat'>⁸</span> <span class='ocrx_word' id='word_1_87' title='bbox 165 1633 437 1700; x_wconf 76' lang='lat' dir='ltr'><strong>Caeremoniarum</strong></span> <span class='ocrx_word' id='word_1_88' title='bbox 450 1634 529 1702; x_wconf 79' lang='lat' dir='ltr'><strong>veri&gt;</strong></span> <span class='ocrx_word' id='word_1_89' title='bbox 551 1634 586 1699; x_wconf 93' lang='lat' dir='ltr'><strong>in</strong></span> <span class='ocrx_word' id='word_1_90' title='bbox 599 1631 901 1718; x_wconf 83' lang='lat' dir='ltr'><strong>inaugurationibus</strong></span> <span class='ocrx_word' id='word_1_91' title='bbox 915 1628 1044 1696; x_wconf 88' lang='lat' dir='ltr'><strong>adhibi·</strong></span> 
     </span>
     <span class='ocr_line' id='line_1_14' title="bbox 96 1735 1045 1828; baseline -0.011 -16"><span class='ocrx_word' id='word_1_92' title='bbox 96 1751 205 1812; x_wconf 68' lang='lat' dir='ltr'><strong>turum</strong></span> <span class='ocrx_word' id='word_1_93' title='bbox 217 1741 390 1826; x_wconf 82' lang='lat' dir='ltr'><strong>imaginem</strong></span> <span class='ocrx_word' id='word_1_94' title='bbox 404 1741 455 1808; x_wconf 84' lang='lat' dir='ltr'><strong>vel</strong></span> <span class='ocrx_word' id='word_1_95' title='bbox 469 1742 541 1828; x_wconf 89' lang='lat' dir='ltr'><strong>ipsa</strong></span> <span class='ocrx_word' id='word_1_96' title='bbox 552 1739 701 1806; x_wconf 86' lang='lat' dir='ltr'><strong>referunt</strong></span> <span class='ocrx_word' id='word_1_97' title='bbox 714 1737 885 1803; x_wconf 80' lang='lat' dir='ltr'><strong>Hiberniae</strong></span> <span class='ocrx_word' id='word_1_98' title='bbox 899 1735 1045 1822; x_wconf 75' lang='lat' dir='ltr'><strong>Insignis</strong></span> 
     </span>
     <span class='ocr_line' id='line_1_15' title="bbox 96 1845 1041 1934; baseline 0 -20"><span class='ocrx_word' id='word_1_99' title='bbox 96 1871 172 1934; x_wconf 85' lang='lat' dir='ltr'><strong>quae</strong></span> <span class='ocrx_word' id='word_1_100' title='bbox 197 1848 455 1916; x_wconf 78' lang='lat' dir='ltr'><strong>Bartholomaeus</strong></span> <span class='ocrx_word' id='word_1_101' title='bbox 478 1849 671 1916; x_wconf 72' lang='lat' dir='ltr'><strong>Cassanssus</strong></span> <span class='ocrx_word' id='word_1_102' title='bbox 694 1848 730 1912; x_wconf 92' lang='lat' dir='ltr'><strong>in</strong></span> <span class='ocrx_word' id='word_1_103' title='bbox 747 1846 906 1934; x_wconf 87' lang='lat' dir='ltr'><strong>Catalogo</strong></span> <span class='ocrx_word' id='word_1_104' title='bbox 929 1845 1041 1932; x_wconf 78' lang='lat' dir='ltr'><strong>glories</strong></span> 
     </span>
     <span class='ocr_line' id='line_1_16' title="bbox 96 1955 1042 2042; baseline 0 -20"><span class='ocrx_word' id='word_1_105' title='bbox 96 1957 211 2022; x_wconf 87' lang='lat' dir='ltr'><strong>mundi</strong></span> <span class='ocrx_word' id='word_1_106' title='bbox 234 1967 328 2042; x_wconf 87' lang='lat' dir='ltr'><strong>parte</strong></span> <span class='ocrx_word' id='word_1_107' title='bbox 350 1957 377 2024; x_wconf 92' lang='lat'><strong>1.</strong></span> <span class='ocrx_word' id='word_1_108' title='bbox 405 1959 528 2024; x_wconf 89' lang='lat' dir='ltr'><strong>consid.</strong></span> <span class='ocrx_word' id='word_1_109' title='bbox 550 1959 603 2024; x_wconf 84' lang='lat'><strong>38.</strong></span> <span class='ocrx_word' id='word_1_110' title='bbox 629 1955 835 2022; x_wconf 85' lang='lat' dir='ltr'><strong>conclusione</strong></span> <span class='ocrx_word' id='word_1_111' title='bbox 860 1956 909 2024; x_wconf 83' lang='lat'><strong>17.</strong></span> <span class='ocrx_word' id='word_1_112' title='bbox 924 1956 971 2020; x_wconf 86' lang='lat' dir='ltr'><strong>ita</strong></span> <span class='ocrx_word' id='word_1_113' title='bbox 985 1955 1042 2022; x_wconf 89' lang='lat' dir='ltr'><strong>de·</strong></span> 
     </span>
     <span class='ocr_line' id='line_1_17' title="bbox 97 2063 1042 2152; baseline 0 -22"><span class='ocrx_word' id='word_1_114' title='bbox 97 2064 222 2130; x_wconf 85' lang='lat' dir='ltr'><strong>scribit.</strong></span> <span class='ocrx_word' id='word_1_115' title='bbox 268 2069 289 2100; x_wconf 81' lang='lat'><strong>‘⁶</strong></span> <span class='ocrx_word' id='word_1_116' title='bbox 301 2065 378 2130; x_wconf 85' lang='lat' dir='ltr'><strong>Rex</strong></span> <span class='ocrx_word' id='word_1_117' title='bbox 393 2064 563 2132; x_wconf 84' lang='lat' dir='ltr'><strong>Hiberniae</strong></span> <span class='ocrx_word' id='word_1_118' title='bbox 576 2065 679 2132; x_wconf 81' lang='lat' dir='ltr'><strong>hebet</strong></span> <span class='ocrx_word' id='word_1_119' title='bbox 693 2063 821 2152; x_wconf 80' lang='lat' dir='ltr'><strong>Regem</strong></span> <span class='ocrx_word' id='word_1_120' title='bbox 842 2083 977 2131; x_wconf 80' lang='lat' dir='ltr'><strong>aureum</strong></span> <span class='ocrx_word' id='word_1_121' title='bbox 993 2075 1042 2130; x_wconf 89' lang='lat' dir='ltr'><strong>te·</strong></span> 
     </span>
     <span class='ocr_line' id='line_1_18' title="bbox 95 2170 1043 2259; baseline 0.006 -27"><span class='ocrx_word' id='word_1_122' title='bbox 95 2181 226 2236; x_wconf 88' lang='lat' dir='ltr'><strong>nentem</strong></span> <span class='ocrx_word' id='word_1_123' title='bbox 243 2170 363 2236; x_wconf 92' lang='lat' dir='ltr'><strong>Lilium</strong></span> <span class='ocrx_word' id='word_1_124' title='bbox 376 2173 411 2236; x_wconf 91' lang='lat' dir='ltr'><strong>in</strong></span> <span class='ocrx_word' id='word_1_125' title='bbox 422 2172 596 2259; x_wconf 85' lang='lat' dir='ltr'><strong>Majestate</strong></span> <span class='ocrx_word' id='word_1_126' title='bbox 611 2173 645 2238; x_wconf 94' lang='lat' dir='ltr'><strong>in</strong></span> <span class='ocrx_word' id='word_1_127' title='bbox 656 2193 770 2258; x_wconf 86' lang='lat' dir='ltr'><strong>campo</strong></span> <span class='ocrx_word' id='word_1_128' title='bbox 780 2173 874 2258; x_wconf 88' lang='lat' dir='ltr'><strong>nigro</strong></span> <span class='ocrx_word' id='word_1_129' title='bbox 887 2172 914 2237; x_wconf 87' lang='lat'><strong>:&#39;’</strong></span> <span class='ocrx_word' id='word_1_130' title='bbox 929 2193 1043 2258; x_wconf 85' lang='lat' dir='ltr'><strong>quare,</strong></span> 
     </span>
     <span class='ocr_line' id='line_1_19' title="bbox 95 2278 1040 2366; baseline 0 -22"><span class='ocrx_word' id='word_1_131' title='bbox 95 2278 258 2357; x_wconf 84' lang='lat' dir='ltr'><strong>existimo,</strong></span> <span class='ocrx_word' id='word_1_132' title='bbox 282 2279 383 2366; x_wconf 86' lang='lat' dir='ltr'><strong>lyram</strong></span> <span class='ocrx_word' id='word_1_133' title='bbox 407 2303 538 2346; x_wconf 82' lang='lat' dir='ltr'><strong>auream</strong></span> <span class='ocrx_word' id='word_1_134' title='bbox 563 2282 598 2346; x_wconf 91' lang='lat' dir='ltr'><strong>in</strong></span> <span class='ocrx_word' id='word_1_135' title='bbox 623 2292 715 2350; x_wconf 85' lang='lat' dir='ltr'><strong>scuto</strong></span> <span class='ocrx_word' id='word_1_136' title='bbox 737 2281 852 2359; x_wconf 85' lang='lat' dir='ltr'><strong>rubeo,</strong></span> <span class='ocrx_word' id='word_1_137' title='bbox 882 2281 1040 2346; x_wconf 87' lang='lat' dir='ltr'><strong>moderna</strong></span> 
     </span>
     <span class='ocr_line' id='line_1_20' title="bbox 8 2379 1039 2474; baseline 0 -24"><span class='ocrx_word' id='word_1_138' title='bbox 8 2379 10 2450; x_wconf 70' lang='lat' dir='ltr'><strong>i</strong></span> <span class='ocrx_word' id='word_1_139' title='bbox 95 2381 265 2452; x_wconf 70' lang='lat' dir='ltr'><strong>Hibnnae</strong></span> <span class='ocrx_word' id='word_1_140' title='bbox 276 2387 431 2474; x_wconf 81' lang='lat' dir='ltr'><strong>Insignis,</strong></span> <span class='ocrx_word' id='word_1_141' title='bbox 446 2386 547 2452; x_wconf 85' lang='lat' dir='ltr'><strong>fuisse</strong></span> <span class='ocrx_word' id='word_1_142' title='bbox 562 2385 637 2452; x_wconf 93' lang='lat' dir='ltr'><strong>olim</strong></span> <span class='ocrx_word' id='word_1_143' title='bbox 653 2383 750 2451; x_wconf 89' lang='lat' dir='ltr'><strong>solius</strong></span> <span class='ocrx_word' id='word_1_144' title='bbox 767 2384 934 2472; x_wconf 81' lang='lat' dir='ltr'><strong>Lagenice‚</strong></span> <span class='ocrx_word' id='word_1_145' title='bbox 948 2398 982 2451; x_wconf 91' lang='lat' dir='ltr'><strong>et</strong></span> <span class='ocrx_word' id='word_1_146' title='bbox 996 2385 1039 2450; x_wconf 85' lang='lat' dir='ltr'><strong>ab</strong></span> 
     </span>
     <span class='ocr_line' id='line_1_21' title="bbox 94 2491 1039 2582; baseline -0.002 -24"><span class='ocrx_word' id='word_1_147' title='bbox 94 2491 214 2580; x_wconf 89' lang='lat' dir='ltr'><strong>Anglis</strong></span> <span class='ocrx_word' id='word_1_148' title='bbox 223 2505 257 2560; x_wconf 91' lang='lat' dir='ltr'><strong>et</strong></span> <span class='ocrx_word' id='word_1_149' title='bbox 266 2493 398 2562; x_wconf 86' lang='lat' dir='ltr'><strong>Exteris</strong></span> <span class='ocrx_word' id='word_1_150' title='bbox 414 2516 473 2582; x_wconf 88' lang='lat' dir='ltr'><strong>pro</strong></span> <span class='ocrx_word' id='word_1_151' title='bbox 488 2496 588 2562; x_wconf 90' lang='lat' dir='ltr'><strong>totius</strong></span> <span class='ocrx_word' id='word_1_152' title='bbox 601 2495 694 2582; x_wconf 89' lang='lat' dir='ltr'><strong>regni</strong></span> <span class='ocrx_word' id='word_1_153' title='bbox 707 2493 894 2579; x_wconf 85' lang='lat' dir='ltr'><strong>Insignibus</strong></span> <span class='ocrx_word' id='word_1_154' title='bbox 907 2493 1039 2559; x_wconf 83' lang='lat' dir='ltr'><strong>tandem</strong></span> 
     </span>
     <span class='ocr_line' id='line_1_22' title="bbox 94 2600 1040 2688; baseline 0 -24"><span class='ocrx_word' id='word_1_155' title='bbox 94 2611 264 2685; x_wconf 85' lang='lat' dir='ltr'><strong>usurpata.</strong></span> <span class='ocrx_word' id='word_1_156' title='bbox 282 2601 386 2667; x_wconf 85' lang='lat' dir='ltr'><strong>Extat</strong></span> <span class='ocrx_word' id='word_1_157' title='bbox 402 2613 559 2686; x_wconf 78' lang='lat' dir='ltr'><strong>praeterea</strong></span> <span class='ocrx_word' id='word_1_158' title='bbox 582 2602 670 2688; x_wconf 76' lang='lat' dir='ltr'><strong>Iapis</strong></span> <span class='ocrx_word' id='word_1_159' title='bbox 692 2611 812 2679; x_wconf 87' lang='lat' dir='ltr'><strong>noster,</strong></span> <span class='ocrx_word' id='word_1_160' title='bbox 826 2601 951 2687; x_wconf 79' lang='lat' dir='ltr'><strong>fatalis</strong></span> <span class='ocrx_word' id='word_1_161' title='bbox 972 2600 1040 2665; x_wconf 92' lang='lat' dir='ltr'><strong>dic-</strong></span> 
     </span>
     <span class='ocr_line' id='line_1_23' title="bbox 7 2689 1039 2794; baseline 0.001 -24"><span class='ocrx_word' id='word_1_162' title='bbox 7 2689 8 2754; x_wconf 67' lang='grc' dir='ltr'>Ῐ</span> <span class='ocrx_word' id='word_1_163' title='bbox 94 2715 160 2785; x_wconf 85' lang='lat' dir='ltr'><strong>tus,</strong></span> <span class='ocrx_word' id='word_1_164' title='bbox 184 2707 220 2771; x_wconf 91' lang='lat' dir='ltr'><strong>in</strong></span> <span class='ocrx_word' id='word_1_165' title='bbox 241 2706 370 2793; x_wconf 88' lang='lat' dir='ltr'><strong>Angliae</strong></span> <span class='ocrx_word' id='word_1_166' title='bbox 384 2708 649 2794; x_wconf 66' lang='lat' dir='ltr'><strong>regumiThrono</strong></span> <span class='ocrx_word' id='word_1_167' title='bbox 663 2705 981 2786; x_wconf 84' lang='lat' dir='ltr'><strong>West-Monasterii,</strong></span> <span class='ocrx_word' id='word_1_168' title='bbox 995 2725 1039 2771; x_wconf 89' lang='lat' dir='ltr'><strong>ex</strong></span> 
     </span>
     <span class='ocr_line' id='line_1_24' title="bbox 7 2809 1038 2954; baseline 0.001 -77"><span class='ocrx_word' id='word_1_169' title='bbox 7 2842 12 2954; x_wconf 58' lang='lat' dir='ltr'><strong>p</strong></span> <span class='ocrx_word' id='word_1_170' title='bbox 94 2809 262 2878; x_wconf 74' lang='lat' dir='ltr'><strong>Hiber-nid</strong></span> <span class='ocrx_word' id='word_1_171' title='bbox 273 2814 413 2900; x_wconf 75' lang='lat' dir='ltr'><strong>primum</strong></span> <span class='ocrx_word' id='word_1_172' title='bbox 427 2815 461 2879; x_wconf 91' lang='lat' dir='ltr'><strong>in</strong></span> <span class='ocrx_word' id='word_1_173' title='bbox 479 2817 620 2881; x_wconf 79' lang='lat' dir='ltr'><strong>Scotinm</strong></span> <span class='ocrx_word' id='word_1_174' title='bbox 642 2826 680 2880; x_wconf 90' lang='lat' dir='ltr'><strong>ut</strong></span> <span class='ocrx_word' id='word_1_175' title='bbox 704 2815 927 2900; x_wconf 80' lang='lat' dir='ltr'><strong>conjecturare</strong></span> <span class='ocrx_word' id='word_1_176' title='bbox 949 2813 1038 2892; x_wconf 91' lang='lat' dir='ltr'><strong>licet,</strong></span> 
     </span>
     <span class='ocr_line' id='line_1_25' title="bbox 8 2918 1039 3012; baseline 0 -28"><span class='ocrx_word' id='word_1_177' title='bbox 8 2981 9 3012; x_wconf 15' lang='grc' dir='ltr'>ἦ</span> <span class='ocrx_word' id='word_1_178' title='bbox 93 2921 298 3008; x_wconf 82' lang='lat' dir='ltr'><strong>temporibus</strong></span> <span class='ocrx_word' id='word_1_179' title='bbox 313 2919 449 2986; x_wconf 87' lang='lat' dir='ltr'><strong>Kinetbi</strong></span> <span class='ocrx_word' id='word_1_180' title='bbox 466 2922 552 3008; x_wconf 81' lang='lat' dir='ltr'><strong>regis</strong></span> <span class='ocrx_word' id='word_1_181' title='bbox 568 2921 632 2987; x_wconf 89' lang='lat' dir='ltr'><strong>vid.</strong></span> <span class='ocrx_word' id='word_1_182' title='bbox 641 2943 674 3006; x_wconf 82' lang='lat' dir='ltr'><strong>p·</strong></span> <span class='ocrx_word' id='word_1_183' title='bbox 683 2921 737 2986; x_wconf 79' lang='lat'><strong>41.</strong></span> <span class='ocrx_word' id='word_1_184' title='bbox 762 2931 797 2988; x_wconf 88' lang='lat' dir='ltr'><strong>et</strong></span> <span class='ocrx_word' id='word_1_185' title='bbox 816 2921 893 2986; x_wconf 86' lang='lat' dir='ltr'><strong>inde</strong></span> <span class='ocrx_word' id='word_1_186' title='bbox 916 2921 958 2985; x_wconf 84' lang='lat' dir='ltr'><strong>ab</strong></span> <span class='ocrx_word' id='word_1_187' title='bbox 971 2918 1039 2984; x_wconf 83' lang='lat' dir='ltr'><strong>Ed-</strong></span> 
     </span>
     <span class='ocr_line' id='line_1_26' title="bbox 7 3012 1038 3116; baseline -0.001 -26"><span class='ocrx_word' id='word_1_188' title='bbox 7 3012 8 3052; x_wconf 57' lang='lat'><em>*</em></span> <span class='ocrx_word' id='word_1_189' title='bbox 94 3025 205 3093; x_wconf 82' lang='lat' dir='ltr'><strong>wardo</strong></span> <span class='ocrx_word' id='word_1_190' title='bbox 214 3027 277 3092; x_wconf 85' lang='grc' dir='ltr'><strong>ΠΙ.</strong></span> <span class='ocrx_word' id='word_1_191' title='bbox 286 3027 415 3116; x_wconf 77' lang='lat' dir='ltr'><strong>Angliae</strong></span> <span class='ocrx_word' id='word_1_192' title='bbox 424 3027 468 3094; x_wconf 88' lang='lat' dir='ltr'><strong>R.</strong></span> <span class='ocrx_word' id='word_1_193' title='bbox 481 3049 542 3114; x_wconf 88' lang='lat' dir='ltr'><strong>per</strong></span> <span class='ocrx_word' id='word_1_194' title='bbox 554 3027 697 3094; x_wconf 74' lang='lat' dir='ltr'><strong>Sentium</strong></span> <span class='ocrx_word' id='word_1_195' title='bbox 708 3031 841 3106; x_wconf 85' lang='lat' dir='ltr'><strong>victore,</strong></span> <span class='ocrx_word' id='word_1_196' title='bbox 851 3024 1038 3093; x_wconf 87' lang='lat' dir='ltr'><strong>Londinum</strong></span> 
     </span>
     <span class='ocr_line' id='line_1_27' title="bbox 7 3083 1038 3222; baseline -0.003 -22"><span class='ocrx_word' id='word_1_197' title='bbox 7 3083 11 3200; x_wconf 86' lang='lat' dir='ltr'><strong>i</strong></span> <span class='ocrx_word' id='word_1_198' title='bbox 93 3133 290 3217; x_wconf 85' lang='lat' dir='ltr'><strong>translatns3</strong></span> <span class='ocrx_word' id='word_1_199' title='bbox 315 3136 378 3202; x_wconf 84' lang='lat' dir='ltr'><strong>An.</strong></span> <span class='ocrx_word' id='word_1_200' title='bbox 397 3135 489 3204; x_wconf 81' lang='grc'><strong>1300.</strong></span> <span class='ocrx_word' id='word_1_201' title='bbox 535 3135 642 3222; x_wconf 82' lang='lat' dir='ltr'><strong>Super</strong></span> <span class='ocrx_word' id='word_1_202' title='bbox 659 3136 723 3202; x_wconf 91' lang='lat' dir='ltr'><strong>boc</strong></span> <span class='ocrx_word' id='word_1_203' title='bbox 744 3144 962 3211; x_wconf 88' lang='lat' dir='ltr'><strong>monumento,</strong></span> <span class='ocrx_word' id='word_1_204' title='bbox 978 3155 1038 3197; x_wconf 88' lang='lat' dir='ltr'><strong>seu</strong></span> 
     </span>
     <span class='ocr_line' id='line_1_28' title="bbox 96 3241 1036 3330; baseline -0.002 -22"><span class='ocrx_word' id='word_1_205' title='bbox 96 3241 224 3330; x_wconf 81' lang='lat' dir='ltr'><strong>Lepide</strong></span> <span class='ocrx_word' id='word_1_206' title='bbox 247 3243 429 3324; x_wconf 84' lang='lat' dir='ltr'><strong>Hiberniae‚</strong></span> <span class='ocrx_word' id='word_1_207' title='bbox 454 3267 549 3330; x_wconf 87' lang='lat' dir='ltr'><strong>reges</strong></span> <span class='ocrx_word' id='word_1_208' title='bbox 575 3246 776 3310; x_wconf 85' lang='lat' dir='ltr'><strong>investiturae</strong></span> <span class='ocrx_word' id='word_1_209' title='bbox 800 3263 868 3306; x_wconf 78' lang='lat' dir='ltr'><strong>susc</strong></span> <span class='ocrx_word' id='word_1_210' title='bbox 891 3241 1036 3326; x_wconf 84' lang='lat' dir='ltr'><strong>auspicia</strong></span> 
     </span>
     <span class='ocr_line' id='line_1_29' title="bbox 96 3349 1021 3438; baseline -0.001 -22"><span class='ocrx_word' id='word_1_211' title='bbox 96 3349 170 3416; x_wconf 91' lang='lat' dir='ltr'><strong>olim</strong></span> <span class='ocrx_word' id='word_1_212' title='bbox 185 3352 362 3418; x_wconf 86' lang='lat' dir='ltr'><strong>solenniter</strong></span> <span class='ocrx_word' id='word_1_213' title='bbox 376 3353 596 3438; x_wconf 81' lang='lat' dir='ltr'><strong>recipiebant3</strong></span> <span class='ocrx_word' id='word_1_214' title='bbox 618 3351 707 3417; x_wconf 86' lang='lat' dir='ltr'><strong>unde</strong></span> <span class='ocrx_word' id='word_1_215' title='bbox 721 3349 873 3436; x_wconf 85' lang='lat' dir='ltr'><strong>vulgares</strong></span> <span class='ocrx_word' id='word_1_216' title='bbox 889 3370 1021 3415; x_wconf 86' lang='lat' dir='ltr'><strong>versus:</strong></span> 
     </span>
    </p>
   </div>
   <div class='ocr_carea' id='block_1_3' title="bbox 171 3615 956 3706">
    <p class='ocr_par' dir='ltr' id='par_1_3' title="bbox 171 3615 956 3706">
     <span class='ocr_line' id='line_1_30' title="bbox 171 3615 956 3706; baseline 0.001 -26"><span class='ocrx_word' id='word_1_217' title='bbox 171 3615 335 3684; x_wconf 79' lang='lat' dir='ltr'><strong>Invenient</strong></span> <span class='ocrx_word' id='word_1_218' title='bbox 350 3617 490 3706; x_wconf 77' lang='lat' dir='ltr'><strong>lapidem</strong></span> <span class='ocrx_word' id='word_1_219' title='bbox 503 3637 641 3706; x_wconf 79' lang='lat' dir='ltr'><strong>regnare</strong></span> <span class='ocrx_word' id='word_1_220' title='bbox 655 3625 798 3682; x_wconf 83' lang='lat' dir='ltr'><strong>tenentur</strong></span> <span class='ocrx_word' id='word_1_221' title='bbox 812 3615 956 3682; x_wconf 79' lang='lat' dir='ltr'><strong>ibidem.”</strong></span> 
     </span>
    </p>
   </div>
   <div class='ocr_carea' id='block_1_4' title="bbox 609 3775 777 3830">
    <p class='ocr_par' dir='ltr' id='par_1_4' title="bbox 609 3775 777 3830">
     <span class='ocr_line' id='line_1_31' title="bbox 609 3775 777 3830; baseline 0 0"><span class='ocrx_word' id='word_1_222' title='bbox 609 3775 611 3782; x_wconf 85' lang='grc'><strong>’</strong></span> <span class='ocrx_word' id='word_1_223' title='bbox 749 3781 777 3830; x_wconf 73' lang='lat' dir='ltr'>N</span> 
     </span>
    </p>
   </div>
   <div class='ocr_carea' id='block_1_5' title="bbox 0 0 1210 4292">
    <p class='ocr_par' dir='ltr' id='par_1_5' title="bbox 0 0 1210 4292">
     <span class='ocr_line' id='line_1_32' title="bbox 0 0 1210 4292; baseline 0 2"><span class='ocrx_word' id='word_1_224' title='bbox 0 0 1210 4292; x_wconf 95' lang='lat' dir='ltr'><strong> </strong></span> 
     </span>
    </p>
   </div>
   <div class='ocr_carea' id='block_1_6' title="bbox 7 3481 980 3859">
    <p class='ocr_par' dir='ltr' id='par_1_6' title="bbox 7 3481 980 3859">
     <span class='ocr_line' id='line_1_33' title="bbox 7 3481 980 3720; baseline 0.044 -162"><span class='ocrx_word' id='word_1_225' title='bbox 7 3481 12 3720; x_wconf 72' lang='grc'>1</span> <span class='ocrx_word' id='word_1_226' title='bbox 139 3508 160 3539; x_wconf 60' lang='lat' dir='ltr'><strong>c·</strong></span> <span class='ocrx_word' id='word_1_227' title='bbox 173 3502 463 3589; x_wconf 71' lang='lat' dir='ltr'><strong>Nifalncsatem,</strong></span> <span class='ocrx_word' id='word_1_228' title='bbox 479 3503 571 3568; x_wconf 69' lang='lat' dir='ltr'><strong>seon</strong></span> <span class='ocrx_word' id='word_1_229' title='bbox 585 3523 768 3590; x_wconf 67' lang='lat' dir='ltr'><strong>quocunqne</strong></span> <span class='ocrx_word' id='word_1_230' title='bbox 782 3499 980 3579; x_wconf 53' lang='lat' dir='ltr'><strong>beatus</strong></span> 
     </span>
     <span class='ocr_line' id='line_1_34' title="bbox 9 3767 13 3859; baseline 0 0"><span class='ocrx_word' id='word_1_231' title='bbox 9 3767 13 3859; x_wconf 84' lang='lat' dir='ltr'><strong>l</strong></span> 
     </span>
    </p>
   </div>
  </div>
 </body>
</html>
