2438 4308
464 349 640 397 arrasam.
899 407 903 418 .
980 328 1023 394 67

123 499 233 586 Urget
247 511 281 566 et
295 524 314 567 e
329 504 424 568 terris
440 501 552 568 tollere
568 504 686 589 dogma
699 513 838 589 patrum.
982 511 1022 569 56

77 605 189 674 Turca
203 608 302 687 videt,
316 610 400 674 ridet
412 637 420 689 ;
444 609 571 696 plaudit
587 609 739 675 Calvinus
754 621 788 677 et
803 620 894 696 optat

43 771 44 774 ,
124 714 276 801 Regibus
291 717 434 794 exitium,
450 717 690 802 perniciemque
702 716 783 783 fore.

80 823 303 910 Principibus,
319 824 393 890 fidis
409 836 538 909 patrum
555 823 745 904 cultoribus,
759 846 852 890 omen

125 929 373 1016 Paesuliburque
387 932 459 1016 pari
473 931 657 996 conditione
672 941 776 996 vovet.
978 931 1021 996 60

79 1041 217 1108 Viribus
230 1042 380 1109 humanis
396 1041 500 1129 fulget
513 1043 571 1108 vix
585 1037 651 1108 ulla
665 1041 778 1109 salutis

125 1149 209 1234 Spes
222 1175 230 1228 ;
246 1150 336 1235 genti
350 1149 476 1216 afflictae
491 1149 634 1236 porrige,
645 1148 787 1230 Christe,
797 1171 934 1216 manum.

79 1255 233 1322 Protinus
248 1279 266 1321 e
281 1256 387 1322 medio
402 1255 481 1336 tolli,
497 1257 685 1344 propriique
699 1254 808 1343 perire

122 1362 295 1450 Sanguinis
309 1373 343 1429 et
356 1363 468 1429 mortis
483 1385 524 1429 ne
539 1363 664 1450 patiare
678 1356 807 1430 librumss
978 1362 1021 1426 64

78 1468 165 1534 Haec
177 1469 306 1550 coelum,
319 1470 425 1549 tellus,
439 1471 511 1536 haec
526 1471 637 1536 audiat
651 1471 772 1535 arbiter
786 1489 909 1555 aequus,

16 1582 17 1630 l
122 1576 225 1662 Cujus
239 1577 274 1642 in
289 1589 425 1665 aspectu
439 1577 588 1643 machina
602 1577 687 1642 trina
703 1576 821 1641 tremit.

16 1685 17 1688 ’
79 1682 183 1768 Cujus
199 1694 233 1748 et
248 1685 381 1749 arbitrio
398 1683 630 1749 Dominantrim
645 1695 714 1749 tota
728 1693 874 1768 potestas

122 1789 207 1869 Stat,
223 1792 321 1870 cadit,
336 1791 387 1858 his
401 1793 518 1870 varias,
534 1792 592 1877 qui
608 1791 684 1857 sinit
699 1813 770 1856 esse
785 1791 882 1856 vices.
976 1791 1020 1856 68

79 1896 307 1964 Christicolum
319 1896 397 1964 fidei
412 1910 535 1976 custos,
546 1899 719 1985 judexque
735 1900 797 1966 sub
811 1897 919 1978 astris,

121 2004 190 2080 Qui
205 2003 331 2071 refoves
346 2003 432 2092 regis
448 2015 565 2071 cuncta
579 2005 718 2071 creantis
734 2028 820 2072 oves.

79 2111 197 2178 Pastor
213 2111 296 2178 ovile
311 2107 401 2178 vides
417 2109 565 2200 extingui
580 2107 694 2178 fraude
710 2109 881 2199 luporum3

120 2219 234 2306 Agnos
249 2220 413 2300 accelera;
437 2220 571 2286 devorat
586 2242 642 2285 ore
655 2219 762 2306 lupus.
978 2222 1019 2284 72

78 2325 147 2392 Res
163 2327 269 2412 agitur
283 2349 407 2412 regum,
423 2327 529 2414 paries
540 2327 607 2413 jam
622 2323 787 2412 proximus
803 2327 892 2403 arsit,
985 2325 989 2332 ’

119 2433 270 2519 Dissipet
284 2434 371 2500 unde
386 2457 481 2520 pares
496 2435 633 2519 quisque
649 2431 831 2499 Monarcha
845 2433 945 2496 focos.

79 2541 146 2615 Qui
161 2542 247 2626 regis
261 2548 393 2606 ‘aeternae
408 2541 510 2606 Divos
526 2537 659 2606 dulcore
674 2535 803 2625 quietis,

115 2647 164 2712 Et
178 2647 287 2713 frenas
302 2648 480 2715 hominum.
490 2648 591 2714 corda
606 2655 738 2734 potente
755 2668 861 2710 manu.
975 2647 1017 2712 76

78 2755 144 2829 Qui
158 2753 288 2842 populis
302 2761 457 2841 praesunt,
474 2764 604 2820 servent
619 2752 669 2819 fac
681 2757 757 2840 jura
772 2751 897 2833 salutis,

117 2861 218 2926 Omni
232 2872 329 2951 teque
344 2859 465 2940 Deum,
479 2858 552 2951 lege
567 2871 729 2939 monente,
745 2859 864 2940 colant.

76 2967 231 3035 Nubibus
248 2967 427 3035 Haereseon
444 2970 574 3054 sparsis,
589 2988 789 3054 prorsusque
804 2969 934 3034 venenis

117 3073 293 3154 Extinctis,
308 3097 422 3162 pacem
436 3075 520 3141 liber
534 3084 571 3140 ut
586 3076 673 3140 orbis
688 3087 783 3140 amet.
974 3075 1017 3138 80

76 3182 246 3268 Depositis
263 3183 356 3262 odiis,
372 3183 461 3247 omni
475 3180 567 3248 Mars
582 3181 692 3247 exulet
708 3177 776 3257 ora,

117 3289 358 3375 Humanaeque,
373 3287 485 3368 febris,
501 3291 627 3369 mentis,
643 3287 787 3354 avaritia.

76 3396 123 3462 Ut
136 3419 232 3482 reges
243 3403 381 3482 'regnent
393 3397 530 3482 sceptris
546 3393 771 3472 concordibus,
787 3414 885 3472 unus,

118 3503 231 3572 Unum
244 3503 310 3570 una
323 3515 361 3570 ut
375 3514 497 3592 pastor,
513 3514 627 3591 pascat
642 3499 723 3568 ovile
736 3499 813 3566 fide.
972 3501 1016 3566 84

77 3695 177 3763 Plura
192 3707 290 3782 negat
303 3695 444 3762 calamus
457 3695 573 3774 lassus,
591 3699 773 3780 ruptusque
788 3687 900 3756 dolore

120 3801 267 3881 Plenius,
283 3814 316 3868 at
330 3804 474 3880 veniens,
490 3803 596 3867 dicere
613 3811 733 3884 sperat,
748 3819 842 3881 opus.
