2412 4292
172 319 235 386 210
527 337 702 386 ursarius.
726 331 729 342 '

171 491 358 578 Airdriglte,
388 492 423 558 id
452 502 512 571 est,
540 513 707 579 supremos
736 511 841 576 reges,
871 499 905 555 et
934 484 1109 554 Hiberniae

170 619 264 684 reges
286 599 455 665 dicebant:
476 621 628 685 proceres
642 621 719 663 vero
737 597 904 663 inferiores
918 619 1013 682 reges
1029 596 1108 679 (tate
1197 593 1198 664 l

171 717 299 793 sumpto
313 703 469 773 vocabulo
483 729 505 773 o
518 683 672 793 regendo)
687 704 905 793 appellabant,
917 726 990 769 cum
1000 703 1109 788 adjec-

171 815 259 882 tione
269 815 405 880 nominis
421 815 605 901 provinciae,
620 814 673 878 cui
687 813 824 898 quisque
839 823 1007 920 praeesset.
1107 843 1111 850 ·
1197 885 1198 914 1

179 959 184 970 ,
235 918 376 1000 Ducum,
404 915 642 998 Marchionum
670 920 841 1000 Comitum,
867 919 1044 995 Baronum,
1075 927 1108 981 et
1197 945 1198 1016 ι

172 1024 250 1092 alios
265 1025 424 1111 ejusmodi
441 1026 563 1104 titulos,
583 1027 616 1092 in
631 1025 771 1110 Imperio
787 1024 946 1102 Romano,
967 1022 1109 1109 primum
1197 1059 1198 1096 ι

171 1129 401 1215 temporalibus
411 1132 665 1218 praefectuumet
677 1131 930 1219 Magistratuum
942 1133 1055 1198 officiis
1065 1133 1109 1198 ad
1197 1135 1198 1158 l

170 1236 266 1301 vitam
278 1235 405 1302 tantum
417 1259 561 1304 annexos
571 1238 796 1305 fuissenbrunt
811 1235 985 1318 Historici;
1003 1250 1036 1304 et
1051 1239 1110 1304 de·
1197 1297 1198 1304 ,

170 1344 281 1429 inceps
290 1367 316 1410 a
330 1345 632 1430 septentrionalibus
647 1347 809 1432 gentibus,
829 1347 946 1432 quibus
968 1347 1111 1412 accisam
1197 1361 1198 1366 ’

170 1448 356 1536 Imperium,
379 1473 452 1517 cum
465 1453 603 1519 domitia
627 1453 803 1518 ditionibus
818 1462 1004 1538 usurpatos,
1026 1453 1111 1517 etin
1197 1459 1198 1480 ¹

170 1565 333 1643 posteros,
349 1556 556 1624 haereditario
565 1560 640 1644 jure
656 1560 869 1623 transmissos.
914 1557 962 1624 Et
976 1558 1113 1643 quidem

171 1663 333 1754 Alboinus
373 1666 495 1750 primur
524 1665 601 1730 Rex
630 1666 913 1752 Longobordorum
949 1665 982 1728 in
1012 1663 1110 1729 Italia
1197 1647 1198 1668 ¹

171 1771 214 1844 A
231 1770 275 1838 D.
291 1773 366 1854 568,
381 1773 510 1858 primus¹
531 1771 671 1837 omnium
685 1772 811 1838 Ducem
835 1769 962 1837 creasse
977 1769 1113 1868 legitur.¹

171 1879 250 1948 Vid.
267 1881 410 1963 Flahert.
426 1907 500 1970 pag.
513 1885 568 1950 28.
654 1929 658 1944 ·
1110 1945 1113 1956 ,

234 1984 371 2069 Verrim,
390 1987 512 2054 nullum
527 1987 590 2054 tale
604 1989 689 2054 inter
702 1987 868 2056 Hibernos
883 1999 917 2053 et
930 1987 1111 2074 Imperium

172 2100 228 2155 aut
242 2090 321 2156 alios
338 2103 475 2174 ,exteros
495 2094 676 2159 intercessit
690 2095 930 2175 commercium,
946 2106 1112 2179 quatenus

171 2197 325 2265 similibus
347 2203 526 2287 peregrinis
554 2201 678 2287 potiris,
701 2203 799 2286 qubm
814 2199 982 2288 Majorum
1004 2202 1117 2267 titulis·

171 2305 419 2392 insignirentur:
450 2308 523 2374 crim
552 2320 626 2395 post
645 2305 967 2394 Scoto-Hiberaocum
989 2310 1031 2380 ¹in
1049 2309 1112 2374 Hi-

170 2415 316 2490 berniam
340 2415 522 2502 appulsum,
543 2417 585 2482 ad
607 2416 765 2483 Ruderici
791 2415 976 2493 O’Connor,
1005 2414 1111 2480 ultimi
1197 2409 1198 2430 ³

170 2521 454 2611 HiberniaeuRegis
469 2548 542 2592 oum
551 2525 703 2604 Heurico¹
711 2524 756 2590 ΙΙ.
768 2521 897 2610 Angliae
910 2545 994 2609 rege
1003 2537 1111 2590 trans-

170 2630 324 2708 actiones,
346 2629 445 2698 Armo
463 2633 555 2699 1175.
575 2632 681 2698 nullus
704 2654 846 2717 unquam
862 2629 1032 2704 Hiberniae
1047 2655 1118 2698 rex·

171 2736 353 2820 declaratus
375 2750 510 2806 externo
519 2741 602 2826 jugo
623 2741 841 2819 succubuerit,
857 2750 894 2804 ut
908 2739 960 2804 vel
973 2729 1037 2824 ipsi
1051 2763 1110 2825 ag-

54 2827 57 2832 ¹
170 2854 308 2909 noscunt
331 2845 506 2910 adversarii
520 2848 622 2920 nostri
636 2869 673 2912 ac
696 2849 852 2931 imprimis
875 2869 988 2912 eorum
1006 2847 1109 2932 Cory-

169 2949 284 3037 phaeur
301 2951 506 3029 cambrensis
529 2954 562 3018 in
577 2953 717 3039 Topogr.
734 2951 872 3020 Hibern.
890 2953 965 3018 dist.
979 2955 1011 3034 3,
1034 2977 1106 3042 cap.

169 3059 213 3124 45
227 3068 261 3124 et
275 3058 343 3138 ᾅδω,
386 3057 447 3124 Est
462 3060 561 3144 igitur
576 3082 727 3126 numerus
743 3083 867 3145 regum,
895 3061 952 3144 qui
968 3084 987 3124 a
1002 3061 1107 3146 primo

169 3163 268 3251 hpjrm
290 3165 397 3252 gentis
411 3164 503 3250 Rege
518 3164 696 3231 Herimonc
722 3187 825 3252 usque
852 3165 894 3230 ad
916 3165 1003 3230 hunc
1034 3165 1107 3232 ulti·

169 3295 259 3338 mum
274 3269 481 3351 Rodericum,
501 3269 691 3335 Hiberniam
717 3280 872 3336 rexerunt
889 3269 960 3332 181.
1014 3269 1107 3336 Gens

169 3377 269 3462 igitur
283 3375 463 3442 Hibernica
487 3399 507 3441 a
524 3379 628 3462 primo
647 3376 804 3444 adventris
826 3378 876 3442 sui
897 3385 1055 3461 tempore,
1073 3391 1107 3446 et

169 3484 267 3569 primi
284 3482 369 3550 illius
391 3483 576 3550 Herimonis
599 3483 717 3570 Regno
743 3507 847 3570 usque
871 3497 905 3552 at
921 3487 1107 3556 Gurmundi

171 3601 204 3656 et
219 3587 367 3674 Turgesii
381 3600 527 3676 tempora
544 3593 672 3677 (quibus
693 3603 726 3658 et
740 3595 871 3660 turbata
887 3599 979 3682 quies
1004 3609 1038 3662 et
1060 3599 1108 3663 in-

173 3704 321 3778 terrupta
342 3694 530 3781 aliquandiu
551 3696 613 3764 fuit
636 3700 707 3785 ejus
726 3702 955 3789 tranquillitas)
971 3706 1104 3774 iterum·
1197 3787 1198 3790 Ἴ
