2412 4292
472 344 644 391 umanum.
973 311 1036 386 als

97 489 226 581 partita,
243 506 277 560 et
292 496 424 563 cuilibet
445 499 531 583 parti
547 521 607 564 seu
628 496 803 583 provinclae
812 517 946 582 praeses,
963 517 1036 562 cum

98 604 181 688 regis
206 602 313 680 titulo,
339 605 544 689 assignatus;
572 604 617 667 ita
642 615 760 681 tamen,
786 614 823 668 ut
848 587 958 668 omnes
981 605 1038 668 uni

98 731 250 794 supremo
265 713 345 797 regi,
371 735 429 776 seu
443 709 626 777 monarchae
649 712 829 776 subessent.
874 711 941 775 Sed
957 711 1037 795 quid

95 817 145 882 his
171 821 348 885 immoror?
378 820 421 884 de
441 809 833 884 ¹Pseudo-Historicorum
856 817 1035 893 Hiberniae,

95 928 129 988 el
152 926 353 1003 nominatim,
375 924 503 990 Giraldi
520 923 729 991 Cambrensis
745 927 912 1012 'figmentis
927 924 1038 990 audia-

95 1041 150 1094 tur
173 1029 338 1108 Waraeur,
360 1054 393 1116 p.
412 1032 483 1096 119.
528 1031 641 1095 “Non
663 1053 808 1116 possum,
833 1031 949 1116 inquit,
972 1051 1038 1094 non

95 1136 207 1199 mirari
227 1135 311 1200 viros
333 1135 457 1222 aliquos
473 1136 571 1222 hujus
586 1136 705 1213 saeculi,
731 1135 850 1222 alioqui
864 1160 979 1222 graves
1003 1149 1037 1202 et

96 1249 213 1314 doctos
228 1249 383 1336 figmenta
398 1272 437 1313 ea
453 1249 582 1314 Giraldi
596 1229 720 1316 mundo
733 1251 849 1316 iterum
870 1272 931 1336 pro
954 1252 1037 1315 veris

96 1359 322 1422 obtrusisse.”v
366 1355 411 1422 Et
433 1356 553 1422 ibidem
580 1381 588 1420 :
627 1355 779 1421 “Multa
807 1355 861 1422 hic
891 1353 1038 1421 fabulosa¹

96 1466 435 1551 observaripossent,
465 1489 538 1550 quae
567 1465 608 1530 de
636 1462 796 1529 Hibernii
825 1461 1038 1530 accumulavit

12 1645 25 1672 Γ
94 1572 254 1640 Giraldus
284 1575 488 1640 cambrensis
517 1575 550 1638 in
578 1570 814 1657 Topographii
843 1571 1035 1650 Hibemiae3

95 1681 155 1746 sed
178 1680 247 1746 aliis
268 1703 308 1746 ea
330 1680 534 1772 discutienda
551 1677 781 1765 relinquimus3
807 1677 967 1761 siquidem
981 1699 1038 1742 ex-

94 1801 170 1854 acta
195 1811 306 1854 eorum
334 1789 492 1854 discussio
509 1789 635 1872 justum
665 1785 801 1870 requirit
825 1781 1038 1850 T1·actatum.'’

94 1893 242 1960 Videant
271 1895 356 1959 nunc
379 1895 483 1960 exteri
506 1893 700 1978 Scriptores,
731 1914 826 1977 quem
854 1891 887 1954 in
917 1889 1038 1956 Hiber-

93 2003 158 2066 niae
173 1983 409 2087 descriptione,
426 2012 606 2086 sequuntur
620 2000 809 2076 Auctorem,
834 1999 887 2063 cui
908 1997 958 2062 vel
988 2002 1038 2064 sui

95 2108 253 2175 Patriotae
268 2131 394 2173 omnem
407 2108 506 2173 fidem
521 2107 718 2172 Historicam
732 2107 893 2193 derogant
908 2133 916 2184 3
944 2108 1036 2191 quip-

93 2239 137 2302 pe
152 2213 274 2280 nebulo
296 2214 360 2293 ille,
387 2239 451 2279 non
473 2215 669 2291 Historicus,
692 2217 734 2280 ob
756 2215 905 2300 injuriam
927 2214 1037 2280 forsan

12 2383 13 2386 ,
93 2324 158 2408 ipsi
172 2346 193 2386 a
207 2322 407 2412 quibusdam
421 2322 555 2407 privatis
580 2320 697 2386 meritd
719 2319 852 2398 illatam,
878 2321 1037 2386 universae

93 2431 197 2517 genti,
222 2439 334 2494 contra
360 2451 484 2494 omnem
507 2429 665 2493 rationem
693 2426 902 2504 Historicam,
929 2427 1037 2512 palam

94 2535 270 2602 detrahere
286 2559 351 2600 non
365 2545 415 2601 est
429 2536 559 2601 veritus.
605 2533 740 2612 Verdm,
757 2545 794 2599 ut
808 2556 868 2619 per
882 2555 957 2598 suos
972 2556 1037 2598 am-

91 2643 179 2730 plius
194 2642 355 2708 refutetur
376 2644 548 2728 impudens
564 2643 702 2728 scriptor
716 2651 750 2708 et
763 2644 934 2727 impostor,
961 2665 1036 2708 ecce

95 2750 178 2836 quid
193 2749 234 2814 de
251 2747 419 2828 Hibernis,
443 2751 540 2814 etiam
565 2759 639 2834 post
659 2747 839 2834 Anglorum
860 2750 1035 2828 incursum,

95 2861 185 2925 dicat
198 2857 341 2924 Jocnnes
355 2856 524 2935 Davisius,
541 2857 606 2942 Eq.
623 2856 768 2922 Auratus
785 2859 846 2924 sub
860 2857 987 2925 Jacobo
1007 2860 1035 2926 Ι.

95 2971 130 3033 in
145 2965 311 3032 Hibernia
326 2967 434 3051 regius
450 2964 666 3030 Procurator:
692 2965 820 3051 “Rege
842 2967 972 3052 Angliae
989 2969 1037 3030 in·

95 3072 244 3140 consulto
260 3073 316 3157 (ait
331 3071 383 3137 ille
398 3073 431 3138 in
455 3072 604 3138 discursu
627 3094 686 3136 suo
712 3072 754 3136 de
769 3071 945 3153 Hibernii)
962 3093 1035 3136 suas

93 3181 237 3248 Hiberni
250 3181 340 3268 leges
361 3181 404 3246 ad
425 3203 492 3244 suae
507 3178 710 3264 Reipublicae
726 3178 1036 3243 administrationem

94 3288 306 3364 adhibebant,
331 3287 547 3373 Magistratus
568 3284 789 3359 instituebant,
804 3281 980 3368 flagitiosos
1002 3285 1036 3349 in

95 3395 162 3459 suis
178 3394 354 3459 ditionibus
370 3392 420 3460 vel
434 3393 542 3478 poena,
559 3390 609 3456 vel
631 3390 722 3455 venii
736 3391 1036 3474 prosequebantur;

92 3498 215 3565 bellum
235 3511 290 3564 aut
310 3523 424 3587 pacem
446 3523 488 3564 ex
511 3498 569 3563 sui
582 3497 773 3562 auctoritate
786 3497 919 3562 inibant.
947 3497 1042 3564 ‘Nec-

95 3597 200 3670 soldm*
226 3605 371 3671 Heurico
394 3607 440 3672 11.
467 3605 562 3690 Rege
587 3606 649 3669 ista
672 3604 881 3690 praestabant,
908 3605 966 3669 sed
992 3607 1038 3670 ad

90 3703 293 3780 Elizabethae
315 3724 461 3800 tempora
482 3713 688 3778 exercebant.
733 3710 848 3778 Donec
862 3711 989 3777 «Iacobo
1006 3713 1032 3778 l.
