2412 4292
499 327 677 379 umanum.
997 318 1059 384 lot

106 485 204 558 nium
242 481 415 552 illustrium
443 481 636 552 familiarum
665 481 852 569 (Hibernici
880 486 1059 574 sangoinis)

72 633 75 637 ·
104 613 200 660 nunc
215 593 417 669 extantium
439 591 494 656 vix
508 591 594 658 enim
615 590 682 658 ulla
697 590 771 658 talis
786 591 904 660 familia
913 596 1059 681 reperie-

108 709 179 780 tur,
194 721 271 785 quae
287 721 362 766 suas
378 697 433 764 hic
447 717 514 762 non
527 695 650 763 habeat
664 697 801 764 radices.

177 803 298 884 Porrb,
312 804 429 872 harum
443 801 641 868 Tabularum
655 805 806 872 notitiam
820 807 909 892 quod
924 809 1059 889 attinet3

176 911 272 979 Nota
280 911 306 977 Ι.
318 911 487 978 Numerus
511 912 635 997 primus
656 913 779 978 nomini
794 915 989 1001 praepositus
1004 915 1061 982 de·

112 1029 206 1086 notat
220 1019 359 1106 gradm
372 1019 601 1105 generationis,
616 1017 668 1084 vel
689 1019 875 1086 distantiam
895 1021 997 1106 geniti
1016 1023 1058 1087 ab

113 1128 245 1194 Adamo
260 1129 400 1204 omnium
414 1125 674 1212 Proto-parente.

178 1238 227 1303 II.
244 1236 387 1302 Nomina
409 1237 538 1304 inversa
559 1247 594 1300 et
612 1235 752 1321 repetita
764 1232 938 1302 Lectorem
965 1237 1059 1323 quasi

113 1344 357 1436 manuducunt;
380 1365 419 1410 ac
433 1343 462 1410 si
474 1344 801 1431 personae‚ejusmodi
809 1345 991 1410 nominibus
1002 1367 1059 1412 ex·

112 1474 249 1540 pressae,
265 1451 348 1518 duos
363 1449 514 1535 pluresve
535 1447 679 1516 habeant
698 1449 830 1530 liberos,
846 1451 1059 1537 dignoscendi

113 1570 188 1626 sunt
202 1581 265 1645 per
280 1557 499 1624 diversitatem
513 1554 737 1623 characterum
751 1579 771 1621 a
793 1555 939 1643 reliquis,
953 1569 987 1624 et
1001 1581 1057 1644 ge·

2 1711 4 1728 .
111 1667 291 1733 nerationis
306 1676 363 1730 aut
374 1663 499 1729 numeri
511 1659 737 1748 aequalitatem.

182 1771 248 1838 ΙΙΙ.
271 1771 392 1837 Literae
411 1769 597 1856 majusculae
611 1769 654 1836 A.
671 1768 712 1836 Β.
730 1769 767 1836 C.
786 1769 845 1839 &o
861 1768 1057 1855 quibusdam

112 1879 219 1946 affixae
241 1880 436 1957 nominibus,
456 1875 511 1942 illa
531 1877 629 1944 etiam
644 1876 732 1958 alibi,
746 1899 820 1944 cum
833 1877 948 1944 eadem
963 1875 1057 1943 literis

1 1971 3 1984 ²
112 1994 146 2050 et
159 2005 307 2062 numero,
327 1981 521 2068 reperienda
540 1981 717 2060 denotant;
739 1983 785 2048 ita
808 1993 928 2062 tamen,
943 1995 981 2050 ut
1004 1981 1056 2048 his

1 2153 3 2160 ,
111 2091 230 2168 tribus,
255 2091 397 2166 Heloro,
420 2088 604 2164 Herimoni,
634 2098 669 2152 et
692 2087 793 2168 Hire,
815 2089 938 2174 ubique
963 2088 1059 2156 litera

111 2197 150 2264 C.
166 2194 295 2262 tantum
308 2195 469 2281 affigatur.
513 2191 579 2261 Vel
605 2203 642 2260 ut
665 2196 779 2282 paucis
793 2195 968 2276 absolvam,
984 2220 1057 2264 cum

111 2305 185 2391 quia
200 2306 235 2370 in
248 2304 384 2390 alicujus
395 2302 509 2369 incidit
523 2300 768 2390 Genealogiam,
784 2314 914 2388 oportet
935 2305 1057 2392 ubique

111 2414 207 2502 sequi
221 2435 388 2478 numerum
402 2411 523 2478 nomini
536 2411 759 2499 prepositum,
773 2421 806 2476 et
820 2411 1055 2491 continuatum,

109 2519 162 2586 vel
186 2519 395 2585 ascendendo
417 2518 461 2584 ad
487 2517 620 2603 stirpem
638 2515 726 2582 unde
740 2517 900 2601 provenit,
924 2515 975 2582 vel
998 2516 1055 2582 de-

1 2699 2 2710 ,
111 2625 299 2693 scendendo
314 2625 357 2692 ad
370 2623 517 2690 ultimum
531 2624 601 2710 ejus
616 2633 777 2710 nepotem.

1 2713 2 2724 ἵ
176 2732 240 2799 IV.
257 2731 327 2797 Ubi
341 2754 424 2798 crux
439 2733 625 2818 apponitur,
641 2731 775 2818 signum
789 2744 853 2811 est,
874 2753 1001 2798 ramum
1019 2731 1058 2798 il-

1 2872 2 2897 r
110 2838 177 2904 lum
203 2839 383 2916 exaruisse,
409 2849 466 2905 aut
484 2841 557 2924 ejus
576 2836 702 2906 fructus
729 2859 795 2906 non
818 2861 890 2906 esse
913 2839 967 2906 hic
991 2861 1056 2906 am·

112 2943 199 3030 plids
214 2945 419 3036 quaerendos.

175 3050 219 3116 V.
235 3049 391 3136 Denique
417 3059 593 3138 sequentes
617 3060 703 3118 notae
728 3051 875 3139 apprime
900 3061 976 3117 sunt
997 3073 1054 3117 no·

1 3207 2 3216 2
109 3155 231 3237 tanehe,
243 3166 341 3242 atque
356 3157 439 3222 adeo

1 3265 2 3290 ¹
110 3283 154 3350 R.
171 3283 259 3369 Scy..
294 3252 304 3275 .
384 3283 597 3370 AEquivalent
622 3285 697 3352 Rex
712 3284 863 3371 Scythiae.

1 3427 2 3430 ¹
110 3389 151 3456 R.
168 3390 230 3460 G.
490 3438 512 3470 „
621 3390 696 3457 Rex
711 3389 851 3456 Getuliae
867 3389 901 3454 in
917 3388 1038 3458 Africis.

110 3493 151 3560 R.
167 3493 213 3560 H.
492 3545 515 3576 „
545 3547 549 3562 .
623 3495 697 3562 Rex
711 3492 890 3580 Hhaniae.

1 3649 3 3676 ,
112 3599 154 3667 R.
173 3607 203 3681 1,
218 3604 251 3682 2,
266 3602 298 3682 3,
315 3604 372 3668 &c
480 3649 515 3682 „,
624 3601 700 3668 Rex
715 3599 887 3668 Hiberniae
913 3604 942 3686 1,
963 3605 995 3682 2,
1020 3603 1052 3682 3,
1138 3641 1139 3644 =

669 3710 729 3776 &a
