2438 4308
498 385 675 436 nrnnnrun.
1016 366 1058 430 81

179 540 230 604 13.
252 539 386 607 Dicitur
400 541 511 608 Insula
525 543 637 620 Sacra,
653 565 695 608 ex
710 539 831 605 Graeco
842 540 955 605 hieron
968 537 1058 624 quod

106 665 242 712 sacrum
258 659 329 727 est;
351 649 440 714 unde
450 649 589 728 Imaum,
599 660 633 715 et
644 649 770 726 lernen,
782 647 952 733 provenire
963 654 1059 731 putat

108 751 158 817 D.
189 751 386 820 Flahertius.
446 754 485 820 ln
513 754 598 821 hanc
627 777 696 820 rem
724 756 769 819 ita
800 754 911 820 scribit
940 752 1058 817 Festus

107 858 258 926 Avienus
273 863 306 926 in
320 861 430 927 libello
445 885 487 928 ex
500 863 597 928 variis
613 861 822 949 Geographis
839 859 986 938 collecto,
1002 860 1059 944 qui

108 965 313 1047 inscribitur,
332 969 408 1032 Orae
423 969 610 1036 Maritimae.

199 1110 328 1181 Dixere
342 1117 441 1202 prisci
456 1117 578 1184 solibus
593 1139 708 1184 cursus
723 1119 786 1184 rati
800 1129 849 1183 est
862 1142 878 1182 ε,

198 1218 283 1287 Haec
298 1223 383 1289 inter
397 1224 502 1290 undas
517 1223 655 1291 multum
669 1226 824 1310 cespitem
837 1226 929 1310 jacit,

199 1325 347 1414 Eamque
362 1329 428 1397 late
443 1354 523 1418 gens
536 1333 754 1398 Hiberuorum
768 1331 845 1397 colit

198 1433 389 1522 Propinqua
403 1460 518 1504 rursus
533 1439 650 1504 Insula
664 1438 836 1504 Albianum
851 1448 953 1524 patet.

108 1582 305 1648 Notandum
319 1585 437 1670 porro:
461 1584 654 1653 Hiberniam
672 1607 795 1651 sacram
814 1584 953 1650 insulam
971 1577 1058 1650 a've·

109 1691 236 1754 teribus
253 1690 329 1768 dici,
352 1693 395 1758 ob
411 1693 541 1764 beatum
558 1692 618 1758 soli
630 1693 805 1778 ingenium,
829 1691 918 1777 quiid
934 1689 1057 1756 nullum

1 1883 2 1886 Ἴ
110 1794 230 1860 animal
244 1818 441 1863 venenosum
456 1798 521 1865 alat
536 1811 592 1865 aut
605 1801 760 1886 patiatur.

179 1903 230 1966 14·
264 1901 428 1990 Denique,
465 1915 595 1990 patrum
627 1917 812 1971 nostrorum
842 1905 1057 1990 temporibus,

111 2010 307 2075 Sanctorum
335 2011 441 2077 insula
469 2013 650 2090 dicebatur,
680 2014 723 2078 ob
752 2012 945 2077 Sanctorum
975 2032 1057 2096 quos

110 2118 272 2202 produxit
286 2118 533 2186 multitudinem.
579 2119 640 2186 lris
656 2121 764 2187 adhuc
782 2119 930 2186 Diodoro
945 2115 1056 2184 Siculo

112 2225 245 2304 dicitur,
261 2226 351 2292 unde
358 2227 484 2294 Irenscs
497 2240 532 2294 et
546 2228 597 2294 Iri
615 2251 676 2314 pro
688 2226 855 2297 Hibernis.
899 2226 986 2304 Iron,
1007 2227 1055 2290 in-

112 2331 183 2412 quit
197 2343 310 2396 auctor
325 2333 387 2397 iste
402 2331 696 2417 Gildae'Badovioi,
716 2333 872 2419 perrexit,
896 2344 933 2397 ut
952 2344 985 2396 et
1001 2330 1057 2396 ali·

111 2457 206 2500 orum
228 2437 411 2505 Doctorum
437 2443 614 2508 sententias
637 2442 671 2506 in
694 2437 934 2524 Philosophicis
957 2449 1056 2520 atque

111 2541 228 2606 divinis
243 2542 359 2610 litteris
374 2546 587 2633 investigator
609 2545 744 2611 curiosis
765 2544 962 2628 exquireret.
1008 2541 1054 2606 Et

111 2647 183 2711 haeo
200 2663 276 2714 sunt
287 2651 416 2715 nomina
431 2653 606 2738 praecipua,
620 2651 739 2737 quibus
757 2651 791 2716 in
805 2648 949 2715 historiis
964 2648 1055 2712 inno-

110 2752 207 2817 tescit
222 2751 392 2833 Hibernia,
409 2757 553 2841 quamvis
568 2756 676 2822 adhuc
693 2757 754 2822 sub
769 2754 899 2842 Regum
921 2755 1056 2819 nomini·

110 2859 172 2922 bus
188 2882 207 2922 a
222 2861 335 2944 patriis
351 2863 455 2946 poetis
477 2863 652 2950 aliquando
672 2863 871 2951 designetur,
896 2873 933 2927 ut
952 2863 984 2926 in
1005 2883 1055 2926 se-

110 2967 287 3050 quentibus
302 2969 472 3044 uersibus,
497 2994 517 3034 a
544 2969 586 3036 D.
610 2967 776 3038 Flahertio
804 2993 847 3035 ex
873 2968 1055 3036 Hibernico

111 3095 231 3137 versrs:
302 3127 305 3134 t

111 3221 210 3288 Dicta
232 3222 399 3290 Touthulii
412 3225 529 3290 domus
544 3225 642 3305 Eric,
654 3226 762 3313 Regia
777 3225 911 3298 Quinti,-

110 3329 263 3395 Fedla’mr'i
272 3330 417 3410 feudum,
429 3331 525 3419 plaga
538 3332 713 3415 Cobtlraoo,
728 3346 762 3399 et
772 3331 927 3418 Hogonts
942 3354 1053 3397 arvum

109 3436 226 3503 Artori
241 3439 342 3524 regio,
358 3450 561 3519 vestrumst,
581 3441 746 3518 Cormace,
761 3439 933 3506 theatrum:

1 3561 2 3651 i
110 3589 281 3656 Hactenus
305 3592 440 3657 strictim
462 3592 625 3660 de'variis
651 3592 820 3660 Hibernia
846 3593 1051 3658 nominibus:
1088 3629 1089 3632 =

109 3721 151 3763 ex
165 3699 286 3784 quibus
299 3695 382 3764 illud
395 3722 513 3766 nornen
528 3699 658 3777 Scotiae‚
680 3695 891 3785 Antiquarios
913 3711 1052 3778 nostros,

822 3831 881 3892 123
