2438 4308
448 313 626 370 multitu.

441 599 638 669 ELEGIA.

62 769 211 854 Frigida,
226 769 293 854 quo
308 769 421 834 tardus
438 770 585 854 sequitur
600 790 660 840 suu
674 767 820 856 plaustra
832 769 967 851 Bootes,

106 873 263 962 Cingitur
278 897 400 942 oceano
416 875 556 942 Daedala
570 888 657 942 terra
671 879 763 944 mari.

63 981 172 1048 Terra
188 982 316 1049 thronis
330 1006 455 1070 regum,
469 986 671 1073 sceptrisque
685 986 865 1056 minacibus
877 996 956 1074 apta

105 1095 271 1183 AEquoris
285 1097 432 1182 imperio,
446 1094 612 1164 fertilitate
626 1091 695 1162 soli.
971 1104 1009 1163 10

63 1203 232 1271 Portubus
243 1205 421 1292 innumeris
437 1206 533 1270 statio
546 1205 700 1271 benefida
715 1206 832 1272 carinis

13 1349 14 1380 π
106 1313 203 1388 Quas
217 1314 326 1399 gravis
337 1313 458 1380 insanae
473 1312 622 1400 Tethyos
637 1314 684 1378 ira
699 1315 815 1399 quatit

13 1409 14 1470 l
63 1417 270 1486 Fluminibus
286 1419 398 1488 dotata
412 1421 491 1499 suis,
510 1443 584 1514 quae
597 1421 761 1486 mercibus
776 1421 887 1500 urbes,

105 1527 269 1608 Piscibus,
285 1540 319 1595 et
332 1523 422 1594 varii
435 1529 663 1596 commoditate
677 1531 788 1596 beant.
814 1551 817 1556 ¹

65 1633 180 1701 Saeclis
196 1636 284 1701 diota
297 1637 389 1716 novis
404 1636 576 1709 Hibernia,
592 1657 711 1707 nomen
726 1645 760 1701 et
773 1633 820 1700 illi
971 1642 1010 1703 lt

106 1739 331 1826 Temporibus
347 1753 477 1828 patrum
493 1741 604 1808 Scotia
618 1741 729 1829 Major
743 1752 825 1822 erat.

66 1847 184 1914 Dulcis
198 1872 295 1934 aquae
310 1853 433 1936 stagnis
449 1852 551 1938 regio,
565 1851 768 1937 lacubusque
783 1849 954 1937 profundis

91 1955 225 2038 Plena,
239 1959 358 2044 quibus
371 1960 470 2046 piscis
485 1960 619 2026 circinat
632 1981 726 2024 omne
742 1979 859 2044 genus.

66 2061 134 2128 Hic
148 2084 208 2126 sua
222 2061 400 2150 Neptunus
415 2064 530 2130 statuit
542 2064 662 2142 vivaria
676 2061 824 2150 priscum

110 2167 343 2257 Ruricolisque
358 2173 425 2238 suis
439 2171 559 2239 horrea
573 2170 641 2237 feta
656 2171 767 2238 Ceres.
969 2171 1011 2234 20

70 2275 213 2341 Saltibus
229 2288 262 2342 et
274 2277 557 2372 sylvisdistinctus
571 2277 706 2344 flumine
721 2275 835 2354 multo,

111 2381 300 2466 Fructibus,
314 2395 348 2450 et
362 2385 463 2472 gratis
477 2383 626 2462 floribus,
639 2387 723 2450 uber
737 2406 825 2470 ager.
944 2453 947 2458 ,

72 2489 243 2558 Montibus
259 2503 409 2558 emanant
424 2491 542 2571 fontes,
558 2502 592 2560 et
606 2493 755 2558 cautibus
771 2489 854 2568 altis,
939 2499 941 2504 '

116 2595 282 2664 Labentes
297 2597 362 2666 leni
375 2621 538 2676 murmure
553 2597 657 2692 dulcis
673 2615 777 2683 aquae.
877 2677 878 2680 Ἴ

74 2705 228 2772 Planities
242 2704 347 2792 glebae
362 2720 509 2794 segetum
524 2707 668 2793 spatiosa
680 2704 798 2778 feracis
970 2702 1013 2766 25

116 2811 318 2899 Multiplices
332 2836 454 2888 messes
469 2813 557 2880 unde
572 2811 705 2880 colonus
720 2813 798 2899 agit.

77 2920 238 3004 Prataque
251 2918 418 2998 luxuriant
431 2921 536 2986 fluviis
552 2920 655 2986 divisa
668 2919 809 2999 vadosis,

117 3026 155 3091 ln
169 3028 287 3113 quibus
302 3038 354 3094 est
368 3027 510 3114 propriae
525 3027 662 3114 pruscia
676 3027 788 3094 mortis
798 3023 885 3114 olor.

79 3133 201 3219 Sponte
217 3132 277 3198 sub
290 3156 427 3212 merces,
443 3119 555 3219 quales
570 3133 732 3199 Hibernia
746 3129 872 3207 lundit;

116 3241 162 3305 Ni
175 3241 306 3308 videant
320 3242 417 3320 oculi,
430 3242 485 3306 vix
499 3239 686 3307 adhibenda
699 3239 794 3304 fides.
967 3235 1010 3300 30

79 3349 209 3415 Viscere
223 3348 392 3415 fructifero
407 3349 549 3435 spondet
563 3369 623 3414 sua
637 3367 774 3414 munera
789 3341 884 3420 tellus

118 3452 241 3522 Vendit
257 3466 292 3520 at
306 3456 438 3521 assiduo
453 3464 570 3520 cuncta
584 3439 695 3521 labore
710 3450 779 3518 Dii.

13 3553 14 3600 l
81 3561 242 3627 Abstruso
257 3560 418 3647 permulta
433 3562 506 3627 sinu
520 3562 663 3646 pretiosa
677 3555 830 3638 metalla3

13 3659 14 3688 '
122 3667 269 3736 Lucroso
283 3669 446 3746 artificum
460 3669 559 3758 digna
572 3667 685 3735 labore
700 3664 798 3732 fovet.
848 3679 849 3682 ’
