2440 4292
154 271 217 341 lus
530 290 707 339 ursanum.

217 444 248 508 7.
313 443 360 510 Et
374 443 1103 531 sedetAutumnoe,quinqueduosquethrono.

148 551 245 618 3⁷75.
268 551 444 638 Fergurius
455 553 579 618 Bunboe
593 552 762 618 duodenos
776 553 915 638 imperat
930 575 1044 634 annos,

195 661 246 724 12.
313 658 473 725 Strenuus
488 661 631 728 AEneom
646 660 703 744 qui
715 659 879 726 referebat
894 683 1000 726 avum.

149 767 246 834 3787.
276 765 430 834 Temoriae
443 769 572 834 AEneor
585 767 692 834 haerer
707 779 741 834 et
755 780 849 834 natus
864 766 988 832 Aetati

190 875 243 940 88.
283 943 286 948 ,
308 873 474 940 Messibus
489 875 656 961 Erigonae
670 885 829 961 temperat
844 885 919 940 octo
934 887 1062 960 quater.

149 981 244 1048 3819.
268 983 423 1068 Quinque
442 983 653 1062 Columnaris,
676 994 795 1068 patruo
812 983 962 1048 diadema
978 983 1101 1048 Gouol-

408 1091 458 1156 lua

212 1199 244 1264 5.
311 1197 477 1276 Vindicat,
492 1198 650 1276 extincto,
665 1198 835 1276 messibus,
850 1217 926 1263 ense
942 1219 1050 1267 suum.

146 1303 243 1370 3884.
268 1304 387 1390 Regna
400 1304 621 1370 Niosedomon
636 1307 806 1390 septennia
820 1316 928 1371 cretus
942 1301 1072 1370 Hebero

212 1413 243 1478 7.
308 1413 386 1487 Qua
400 1434 487 1476 mare
509 1412 688 1498 Verginium
701 1412 813 1478 littora
826 1412 944 1496 puisat,
960 1412 1038 1498 agit.

146 1517 243 1584 3831.
265 1517 365 1584 Filius
381 1518 498 1584 AEneae
512 1517 668 1604 patruelis
683 1529 717 1584 et
731 1519 857 1584 Ennius
872 1541 984 1597 annos,

193 1628 244 1692 10.
312 1626 450 1712 Sceptra
473 1636 574 1704 tenet,
601 1626 767 1713 geminans
791 1625 934 1711 quinque
961 1625 1098 1690 Conalle

407 1743 491 1798 tuos.

147 1839 244 1905 3841.
268 1840 418 1926 Fergusr‘i
436 1839 640 1904 Crimtltonus
655 1841 705 1904 avi
720 1840 781 1904 sibi
796 1839 907 1904 debita
921 1850 1036 1904 nactus

210 1949 241 2010 4.
307 1945 400 2022 Jura,
417 1945 510 2029 sedet
526 1947 665 2029 spatium
680 1968 740 2031 per
748 1945 947 2030 quadrienne
963 1945 1093 2010 throno.

147 2052 244 2116 3845.
261 2050 317 2116 Ex
331 2052 421 2116 Hiro
443 2050 579 2116 Ultoniae
593 2074 652 2116 rex
667 2074 767 2117 annos
783 2063 857 2118 octo
872 2053 933 2130 bis,
949 2074 1049 2117 unum

192 2165 241 2224 17.
263 2157 442 2224 Rudrieios
456 2161 536 2242 (quo
552 2179 633 2244 gens
647 2158 862 2242 Radriciuno)
877 2160 971 2244 regit.

264 2249 445 2330 Ktmhuimi
468 2288 488 2328 a
507 2265 611 2350 primo
629 2266 771 2332 Rudre'ei
790 2267 955 2334 morientis
974 2269 1018 2332 ad
1037 2290 1094 2332 an-

405 2396 495 2451 num,

307 2483 392 2549 Sunt
405 2483 456 2548 bis
472 2482 609 2560 centeni,
626 2504 685 2546 sex
700 2503 799 2568 super
813 2481 976 2547 undecies.

268 2591 469 2678 Conquovori
490 2590 533 2655 ad
553 2599 689 2657 mortem
709 2588 786 2654 hino
809 2599 951 2667 eentum,
974 2603 1093 2674 quater

403 2707 478 2762 octo
493 2698 635 2781 duoque,

306 2804 384 2882 Qui,
405 2804 534 2868 Christo
548 2805 669 2890 genito,
683 2800 813 2887 praefuit
833 2803 976 2868 Ultoniae.

263 2909 353 2974 Inter
369 2911 610 2994 Conquoaarum
623 2920 708 2987 sunt,
719 2909 1005 2998 Ktmhatttomqne
1016 2909 1093 2977 Mo-

403 3014 568 3092 noreham,

306 3125 468 3202 Quatuor,
482 3133 520 3188 ut
535 3122 652 3200 doctis,
669 3122 787 3188 saecula
800 3122 902 3207 lapsa,
918 3123 1030 3209 liquet.

145 3235 240 3298 3862.
267 3231 365 3297 Clara
378 3230 606 3296 Niaedomonis
626 3228 735 3316 proles
750 3229 955 3296 Innatmorur
969 3233 1068 3298 instat
1083 3256 1091 3295 ε

208 3340 238 3402 3.
304 3337 419 3404 Tertia
434 3339 527 3424 cujus
544 3347 614 3402 erat
629 3336 743 3402 funere
758 3337 858 3400 tristis
873 3336 996 3422 hyems.

143 3452 238 3512 3865.
261 3446 448 3512 Bressolius
461 3443 595 3509 liudrici
611 3443 783 3508 Scotorum
797 3454 884 3508 serta
898 3466 1047 3531 propago

207 3557 238 3618 u.
305 3551 427 3632 Induit,
442 3563 474 3618 et
489 3553 611 3617 brumis
628 3565 679 3617 ter
694 3551 798 3615 tribus
813 3547 866 3615 illa
880 3553 973 3637 gerit.

141 3661 237 3726 3874.
261 3658 349 3726 Hinc
368 3659 601 3724 Innotmorides
616 3657 765 3724 diadema
777 3659 947 3744 Euagrius
960 3681 1065 3726 annos
