<?xml version="1.0" encoding="UTF-8"?>
<!DOCTYPE html PUBLIC "-//W3C//DTD XHTML 1.0 Transitional//EN"
    "http://www.w3.org/TR/xhtml1/DTD/xhtml1-transitional.dtd">
<html xmlns="http://www.w3.org/1999/xhtml" xml:lang="en" lang="en">
 <head>
  <title>
</title>
<meta http-equiv="Content-Type" content="text/html;charset=utf-8" />
  <meta name='ocr-system' content='tesseract 3.04.00' />
  <meta name='ocr-capabilities' content='ocr_page ocr_carea ocr_par ocr_line ocrx_word'/>
</head>
<body>
  <div class='ocr_page' id='page_1' title='image "./historicadescri00daggoog_0084.png"; bbox 0 0 2438 4308; ppageno 0'>
   <div class='ocr_carea' id='block_1_1' title="bbox 485 351 661 402">
    <p class='ocr_par' dir='ltr' id='par_1_1' title="bbox 485 351 661 402">
     <span class='ocr_line' id='line_1_1' title="bbox 485 351 661 402; baseline 0.011 -4"><span class='ocrx_word' id='word_1_1' title='bbox 485 351 661 402; x_wconf 75' lang='lat' dir='ltr'>nmnnntn.</span> 
     </span>
    </p>
   </div>
   <div class='ocr_carea' id='block_1_2' title="bbox 264 939 881 1024">
    <p class='ocr_par' dir='ltr' id='par_1_2' title="bbox 264 939 881 1024">
     <span class='ocr_line' id='line_1_2' title="bbox 264 939 881 1024; baseline 0.011 -7"><span class='ocrx_word' id='word_1_2' title='bbox 264 941 534 1018; x_wconf 87' lang='lat' dir='ltr'>HIBERNIA</span> <span class='ocrx_word' id='word_1_3' title='bbox 558 939 881 1024; x_wconf 86' lang='lat' dir='ltr'>DESCRIPTA.</span> 
     </span>
    </p>
   </div>
   <div class='ocr_carea' id='block_1_3' title="bbox 479 1167 660 1180">
    <p class='ocr_par' dir='ltr' id='par_1_3' title="bbox 479 1167 660 1180">
     <span class='ocr_line' id='line_1_3' title="bbox 479 1167 660 1180; baseline 0 -2"><span class='ocrx_word' id='word_1_4' title='bbox 479 1167 660 1180; x_wconf 68' lang='lat' dir='ltr'>—n———nn</span> 
     </span>
    </p>
   </div>
   <div class='ocr_carea' id='block_1_4' title="bbox 22 1317 1044 1528">
    <p class='ocr_par' dir='ltr' id='par_1_4' title="bbox 22 1317 1044 1528">
     <span class='ocr_line' id='line_1_4' title="bbox 22 1317 1042 1410; baseline 0.007 -27"><span class='ocrx_word' id='word_1_5' title='bbox 22 1333 23 1398; x_wconf 61' lang='grc' dir='ltr'>ξ</span> <span class='ocrx_word' id='word_1_6' title='bbox 104 1317 172 1386; x_wconf 78' lang='lat' dir='ltr'>I&#39;oa</span> <span class='ocrx_word' id='word_1_7' title='bbox 197 1329 372 1386; x_wconf 88' lang='lat' dir='ltr'>occurrunt</span> <span class='ocrx_word' id='word_1_8' title='bbox 394 1330 461 1388; x_wconf 87' lang='lat' dir='ltr'>tam</span> <span class='ocrx_word' id='word_1_9' title='bbox 484 1319 519 1384; x_wconf 92' lang='lat' dir='ltr'>in</span> <span class='ocrx_word' id='word_1_10' title='bbox 543 1322 806 1406; x_wconf 78' lang='lat' dir='ltr'>praecedentibus</span> <span class='ocrx_word' id='word_1_11' title='bbox 825 1325 1042 1410; x_wconf 76' lang='lat' dir='ltr'><strong>poematibus,</strong></span> 
     </span>
     <span class='ocr_line' id='line_1_5' title="bbox 22 1407 1044 1528; baseline 0.005 -34"><span class='ocrx_word' id='word_1_12' title='bbox 22 1407 24 1528; x_wconf 69' lang='lat' dir='ltr'>l</span> <span class='ocrx_word' id='word_1_13' title='bbox 104 1430 199 1514; x_wconf 79' lang='lat' dir='ltr'>quam</span> <span class='ocrx_word' id='word_1_14' title='bbox 222 1427 360 1494; x_wconf 66' lang='lat' dir='ltr'>maxims}</span> <span class='ocrx_word' id='word_1_15' title='bbox 383 1428 418 1492; x_wconf 91' lang='lat' dir='ltr'>in</span> <span class='ocrx_word' id='word_1_16' title='bbox 447 1428 596 1513; x_wconf 83' lang='lat' dir='ltr'><strong>sequenti</strong></span> <span class='ocrx_word' id='word_1_17' title='bbox 619 1438 770 1514; x_wconf 76' lang='lat' dir='ltr'><strong>poemate</strong></span> <span class='ocrx_word' id='word_1_18' title='bbox 791 1429 1044 1518; x_wconf 78' lang='lat' dir='ltr'>chronologico,</span> 
     </span>
    </p>
   </div>
   <div class='ocr_carea' id='block_1_5' title="bbox 102 1535 1046 2357">
    <p class='ocr_par' dir='ltr' id='par_1_5' title="bbox 102 1535 1046 2357">
     <span class='ocr_line' id='line_1_6' title="bbox 103 1535 1043 1624; baseline 0.003 -22"><span class='ocrx_word' id='word_1_19' title='bbox 103 1537 277 1624; x_wconf 81' lang='lat' dir='ltr'>peregrina</span> <span class='ocrx_word' id='word_1_20' title='bbox 298 1535 438 1616; x_wconf 88' lang='lat' dir='ltr'>nomina,</span> <span class='ocrx_word' id='word_1_21' title='bbox 452 1544 486 1600; x_wconf 92' lang='lat' dir='ltr'>at</span> <span class='ocrx_word' id='word_1_22' title='bbox 507 1535 694 1601; x_wconf 83' lang='lat' dir='ltr'>abexteris</span> <span class='ocrx_word' id='word_1_23' title='bbox 716 1535 832 1602; x_wconf 82' lang='lat' dir='ltr'>saltem</span> <span class='ocrx_word' id='word_1_24' title='bbox 846 1535 1043 1606; x_wconf 84' lang='lat' dir='ltr'>Lectoribus</span> 
     </span>
     <span class='ocr_line' id='line_1_7' title="bbox 103 1641 1043 1730; baseline 0.005 -21"><span class='ocrx_word' id='word_1_25' title='bbox 103 1644 234 1730; x_wconf 87' lang='lat' dir='ltr'>(quibus</span> <span class='ocrx_word' id='word_1_26' title='bbox 263 1643 298 1706; x_wconf 91' lang='lat' dir='ltr'>in</span> <span class='ocrx_word' id='word_1_27' title='bbox 322 1641 386 1708; x_wconf 90' lang='lat' dir='ltr'>hoc</span> <span class='ocrx_word' id='word_1_28' title='bbox 414 1663 513 1729; x_wconf 87' lang='lat' dir='ltr'>opere</span> <span class='ocrx_word' id='word_1_29' title='bbox 542 1641 746 1728; x_wconf 80' lang='lat' dir='ltr'>potissimdm</span> <span class='ocrx_word' id='word_1_30' title='bbox 773 1665 826 1709; x_wconf 89' lang='lat' dir='ltr'>me</span> <span class='ocrx_word' id='word_1_31' title='bbox 851 1648 1043 1730; x_wconf 89' lang='lat' dir='ltr'>accomodo)</span> 
     </span>
     <span class='ocr_line' id='line_1_8' title="bbox 103 1750 1043 1838; baseline 0.005 -22"><span class='ocrx_word' id='word_1_32' title='bbox 103 1750 240 1837; x_wconf 82' lang='lat' dir='ltr'>intelligi</span> <span class='ocrx_word' id='word_1_33' title='bbox 262 1760 427 1837; x_wconf 81' lang='lat' dir='ltr'>nequeant</span> <span class='ocrx_word' id='word_1_34' title='bbox 446 1775 455 1829; x_wconf 77' lang='grc' dir='ltr'><strong>ς</strong></span> <span class='ocrx_word' id='word_1_35' title='bbox 481 1750 545 1816; x_wconf 89' lang='lat' dir='ltr'>nisi</span> <span class='ocrx_word' id='word_1_36' title='bbox 569 1751 707 1838; x_wconf 88' lang='lat' dir='ltr'>adjectis</span> <span class='ocrx_word' id='word_1_37' title='bbox 731 1754 978 1834; x_wconf 86' lang='lat' dir='ltr'>commentariis,</span> <span class='ocrx_word' id='word_1_38' title='bbox 1008 1766 1043 1821; x_wconf 87' lang='lat' dir='ltr'>at</span> 
     </span>
     <span class='ocr_line' id='line_1_9' title="bbox 104 1857 1046 1946; baseline 0.004 -21"><span class='ocrx_word' id='word_1_39' title='bbox 104 1857 297 1946; x_wconf 84' lang='lat' dir='ltr'>specialibus</span> <span class='ocrx_word' id='word_1_40' title='bbox 305 1858 600 1924; x_wconf 84' lang='lat' dir='ltr'>dissertationibus.</span> <span class='ocrx_word' id='word_1_41' title='bbox 624 1858 857 1938; x_wconf 80' lang='lat' dir='ltr'><strong>Quamobrem,</strong></span> <span class='ocrx_word' id='word_1_42' title='bbox 872 1859 915 1926; x_wconf 89' lang='lat' dir='ltr'>ad</span> <span class='ocrx_word' id='word_1_43' title='bbox 924 1859 1046 1929; x_wconf 83' lang='lat' dir='ltr'>facilio-</span> 
     </span>
     <span class='ocr_line' id='line_1_10' title="bbox 102 1949 1043 2052; baseline 0.004 -22"><span class='ocrx_word' id='word_1_44' title='bbox 102 1990 167 2034; x_wconf 88' lang='lat' dir='ltr'>rem</span> <span class='ocrx_word' id='word_1_45' title='bbox 199 1967 342 2032; x_wconf 91' lang='lat' dir='ltr'>omnium</span> <span class='ocrx_word' id='word_1_46' title='bbox 370 1964 613 2052; x_wconf 81' lang='lat' dir='ltr'>intelligentiam</span> <span class='ocrx_word' id='word_1_47' title='bbox 646 1965 730 2031; x_wconf 86' lang='lat' dir='ltr'>dnos</span> <span class='ocrx_word' id='word_1_48' title='bbox 758 1966 901 2034; x_wconf 86' lang='lat' dir='ltr'>inserere</span> <span class='ocrx_word' id='word_1_49' title='bbox 932 1949 1043 2035; x_wconf 83' lang='lat' dir='ltr'>d&#39;uxi:</span> 
     </span>
     <span class='ocr_line' id='line_1_11' title="bbox 103 2071 1044 2160; baseline 0.001 -20"><span class='ocrx_word' id='word_1_50' title='bbox 103 2087 241 2160; x_wconf 87' lang='lat' dir='ltr'>qnorum</span> <span class='ocrx_word' id='word_1_51' title='bbox 260 2074 288 2138; x_wconf 91' lang='lat' dir='ltr'>l.</span> <span class='ocrx_word' id='word_1_52' title='bbox 305 2073 423 2160; x_wconf 81' lang='lat' dir='ltr'>agitur,</span> <span class='ocrx_word' id='word_1_53' title='bbox 448 2073 490 2138; x_wconf 86' lang='lat' dir='ltr'>de</span> <span class='ocrx_word' id='word_1_54' title='bbox 512 2073 648 2140; x_wconf 85' lang='lat' dir='ltr'>diversis</span> <span class='ocrx_word' id='word_1_55' title='bbox 662 2071 833 2140; x_wconf 86' lang='lat' dir='ltr'>Hiberniae</span> <span class='ocrx_word' id='word_1_56' title='bbox 847 2077 1044 2154; x_wconf 88' lang='lat' dir='ltr'>nominibus,</span> 
     </span>
     <span class='ocr_line' id='line_1_12' title="bbox 104 2179 1042 2268; baseline -0.002 -18"><span class='ocrx_word' id='word_1_57' title='bbox 104 2205 137 2250; x_wconf 85' lang='lat' dir='ltr'>ac</span> <span class='ocrx_word' id='word_1_58' title='bbox 152 2180 337 2268; x_wconf 69' lang='lat' dir='ltr'>praesertim</span> <span class='ocrx_word' id='word_1_59' title='bbox 353 2180 395 2245; x_wconf 89' lang='lat' dir='ltr'>de</span> <span class='ocrx_word' id='word_1_60' title='bbox 409 2179 540 2244; x_wconf 88' lang='lat' dir='ltr'>nomine</span> <span class='ocrx_word' id='word_1_61' title='bbox 554 2179 684 2259; x_wconf 81' lang='lat' dir='ltr'>Scotiae.</span> <span class='ocrx_word' id='word_1_62' title='bbox 729 2188 761 2247; x_wconf 76' lang='lat'>2.</span> <span class='ocrx_word' id='word_1_63' title='bbox 785 2180 876 2247; x_wconf 81' lang='lat' dir='ltr'>Verd</span> <span class='ocrx_word' id='word_1_64' title='bbox 892 2183 1042 2249; x_wconf 75' lang='lat' dir='ltr'>denariis</span> 
     </span>
     <span class='ocr_line' id='line_1_13' title="bbox 104 2285 615 2357; baseline -0.01 0"><span class='ocrx_word' id='word_1_65' title='bbox 104 2289 274 2357; x_wconf 84' lang='lat' dir='ltr'>Hiberniae</span> <span class='ocrx_word' id='word_1_66' title='bbox 288 2286 412 2353; x_wconf 89' lang='lat' dir='ltr'>incolis.</span> <span class='ocrx_word' id='word_1_67' title='bbox 457 2285 558 2354; x_wconf 87' lang='lat' dir='ltr'>Unde</span> <span class='ocrx_word' id='word_1_68' title='bbox 574 2288 615 2354; x_wconf 88' lang='lat' dir='ltr'>sit</span> 
     </span>
    </p>
   </div>
   <div class='ocr_carea' id='block_1_6' title="bbox 320 2525 778 2601">
    <p class='ocr_par' dir='ltr' id='par_1_6' title="bbox 320 2525 778 2601">
     <span class='ocr_line' id='line_1_14' title="bbox 320 2525 778 2601; baseline -0.02 0"><span class='ocrx_word' id='word_1_69' title='bbox 320 2592 322 2601; x_wconf 44' lang='lat'>,</span> <span class='ocrx_word' id='word_1_70' title='bbox 365 2525 728 2594; x_wconf 82' lang='lat' dir='ltr'><strong>PARAGRAPHUS</strong></span> <span class='ocrx_word' id='word_1_71' title='bbox 750 2528 778 2592; x_wconf 94' lang='lat' dir='ltr'>I.</span> 
     </span>
    </p>
   </div>
   <div class='ocr_carea' id='block_1_7' title="bbox 101 2699 1045 2873">
    <p class='ocr_par' dir='ltr' id='par_1_7' title="bbox 101 2699 1045 2873">
     <span class='ocr_line' id='line_1_15' title="bbox 101 2699 1045 2786; baseline 0.005 -19"><span class='ocrx_word' id='word_1_72' title='bbox 101 2704 157 2780; x_wconf 84' lang='lat' dir='ltr'>De</span> <span class='ocrx_word' id='word_1_73' title='bbox 179 2702 314 2767; x_wconf 78' lang='lat' dir='ltr'>diversis</span> <span class='ocrx_word' id='word_1_74' title='bbox 327 2699 500 2768; x_wconf 69' lang='lat' dir='ltr'>Hibernia</span> <span class='ocrx_word' id='word_1_75' title='bbox 521 2699 723 2782; x_wconf 76' lang='lat' dir='ltr'>Nominibus,</span> <span class='ocrx_word' id='word_1_76' title='bbox 747 2723 788 2766; x_wconf 89' lang='lat' dir='ltr'>ac</span> <span class='ocrx_word' id='word_1_77' title='bbox 809 2708 984 2786; x_wconf 66' lang='lat' dir='ltr'>praesertim</span> <span class='ocrx_word' id='word_1_78' title='bbox 1005 2710 1045 2772; x_wconf 82' lang='lat' dir='ltr'>de</span> 
     </span>
     <span class='ocr_line' id='line_1_16' title="bbox 433 2807 710 2873; baseline -0.014 -1"><span class='ocrx_word' id='word_1_79' title='bbox 433 2807 570 2873; x_wconf 77' lang='lat' dir='ltr'>Nomine</span> <span class='ocrx_word' id='word_1_80' title='bbox 584 2807 710 2873; x_wconf 75' lang='lat' dir='ltr'>Sentice.</span> 
     </span>
    </p>
   </div>
   <div class='ocr_carea' id='block_1_8' title="bbox 103 2978 1075 3923">
    <p class='ocr_par' dir='ltr' id='par_1_8' title="bbox 103 2978 1046 3479">
     <span class='ocr_line' id='line_1_17' title="bbox 167 2978 1046 3070; baseline 0.002 -23"><span class='ocrx_word' id='word_1_81' title='bbox 167 2980 279 3047; x_wconf 83' lang='lat' dir='ltr'>Insula</span> <span class='ocrx_word' id='word_1_82' title='bbox 289 2980 362 3045; x_wconf 86' lang='lat' dir='ltr'>haec</span> <span class='ocrx_word' id='word_1_83' title='bbox 377 2979 519 3045; x_wconf 89' lang='lat' dir='ltr'>omnium</span> <span class='ocrx_word' id='word_1_84' title='bbox 530 2978 706 3044; x_wconf 81' lang='lat' dir='ltr'>insularum</span> <span class='ocrx_word' id='word_1_85' title='bbox 715 2980 851 3061; x_wconf 81' lang='lat' dir='ltr'>Oceani,</span> <span class='ocrx_word' id='word_1_86' title='bbox 863 2996 939 3070; x_wconf 87' lang='lat' dir='ltr'>post</span> <span class='ocrx_word' id='word_1_87' title='bbox 950 2983 1046 3070; x_wconf 87' lang='lat' dir='ltr'>Mag-</span> 
     </span>
     <span class='ocr_line' id='line_1_18' title="bbox 103 3085 1045 3172; baseline 0.002 -16"><span class='ocrx_word' id='word_1_88' title='bbox 103 3114 179 3156; x_wconf 86' lang='lat' dir='ltr'>nam</span> <span class='ocrx_word' id='word_1_89' title='bbox 190 3089 395 3155; x_wconf 84' lang='lat' dir='ltr'>Britanniam</span> <span class='ocrx_word' id='word_1_90' title='bbox 405 3086 440 3152; x_wconf 94' lang='lat' dir='ltr'>in</span> <span class='ocrx_word' id='word_1_91' title='bbox 451 3085 598 3172; x_wconf 73' lang='lat' dir='ltr'>Europd,</span> <span class='ocrx_word' id='word_1_92' title='bbox 610 3099 645 3154; x_wconf 89' lang='lat' dir='ltr'>et</span> <span class='ocrx_word' id='word_1_93' title='bbox 655 3088 887 3156; x_wconf 87' lang='lat' dir='ltr'>Tabrobanam</span> <span class='ocrx_word' id='word_1_94' title='bbox 894 3093 927 3157; x_wconf 92' lang='lat' dir='ltr'>in</span> <span class='ocrx_word' id='word_1_95' title='bbox 939 3091 1045 3171; x_wconf 88' lang='lat' dir='ltr'>India,</span> 
     </span>
     <span class='ocr_line' id='line_1_19' title="bbox 103 3195 1046 3283; baseline 0.002 -19"><span class='ocrx_word' id='word_1_96' title='bbox 103 3199 325 3275; x_wconf 85' lang='lat' dir='ltr'>celeberrima,</span> <span class='ocrx_word' id='word_1_97' title='bbox 354 3218 416 3283; x_wconf 87' lang='lat' dir='ltr'>pro</span> <span class='ocrx_word' id='word_1_98' title='bbox 446 3195 643 3262; x_wconf 85' lang='lat' dir='ltr'>coloniarum</span> <span class='ocrx_word' id='word_1_99' title='bbox 672 3197 870 3276; x_wconf 86' lang='lat' dir='ltr'>diversitate,</span> <span class='ocrx_word' id='word_1_100' title='bbox 900 3199 1046 3270; x_wconf 84' lang='lat' dir='ltr'>diversas</span> 
     </span>
     <span class='ocr_line' id='line_1_20' title="bbox 103 3300 1045 3389; baseline 0.001 -19"><span class='ocrx_word' id='word_1_101' title='bbox 103 3307 218 3371; x_wconf 87' lang='lat' dir='ltr'>sortita</span> <span class='ocrx_word' id='word_1_102' title='bbox 230 3315 281 3370; x_wconf 89' lang='lat' dir='ltr'>est</span> <span class='ocrx_word' id='word_1_103' title='bbox 295 3300 540 3389; x_wconf 88' lang='lat' dir='ltr'>appellationes,</span> <span class='ocrx_word' id='word_1_104' title='bbox 553 3325 635 3387; x_wconf 91' lang='lat' dir='ltr'>quas</span> <span class='ocrx_word' id='word_1_105' title='bbox 646 3304 792 3368; x_wconf 80' lang='lat' dir='ltr'>referunt</span> <span class='ocrx_word' id='word_1_106' title='bbox 803 3303 842 3370; x_wconf 92' lang='lat' dir='ltr'>P.</span> <span class='ocrx_word' id='word_1_107' title='bbox 855 3303 1045 3372; x_wconf 86' lang='lat' dir='ltr'>Brundinus</span> 
     </span>
     <span class='ocr_line' id='line_1_21' title="bbox 104 3409 409 3479; baseline -0.023 -1"><span class='ocrx_word' id='word_1_108' title='bbox 104 3424 138 3479; x_wconf 85' lang='lat' dir='ltr'>et</span> <span class='ocrx_word' id='word_1_109' title='bbox 153 3411 198 3477; x_wconf 86' lang='lat' dir='ltr'>D.</span> <span class='ocrx_word' id='word_1_110' title='bbox 214 3409 409 3476; x_wconf 77' lang='lat' dir='ltr'>Flahertius.</span> 
     </span>
    </p>

    <p class='ocr_par' dir='ltr' id='par_1_9' title="bbox 105 3509 1075 3923">
     <span class='ocr_line' id='line_1_22' title="bbox 174 3509 1046 3607; baseline 0.008 -25"><span class='ocrx_word' id='word_1_111' title='bbox 174 3520 201 3582; x_wconf 92' lang='lat' dir='ltr'>l.</span> <span class='ocrx_word' id='word_1_112' title='bbox 225 3516 318 3602; x_wconf 87' lang='lat' dir='ltr'><strong>Ergo</strong></span> <span class='ocrx_word' id='word_1_113' title='bbox 333 3515 452 3580; x_wconf 87' lang='lat' dir='ltr'>dicitur</span> <span class='ocrx_word' id='word_1_114' title='bbox 470 3509 586 3582; x_wconf 83' lang='lat' dir='ltr'>Insula</span> <span class='ocrx_word' id='word_1_115' title='bbox 608 3537 778 3582; x_wconf 87' lang='lat' dir='ltr'>nemorosa</span> <span class='ocrx_word' id='word_1_116' title='bbox 801 3530 859 3585; x_wconf 89' lang='lat' dir='ltr'>aut</span> <span class='ocrx_word' id='word_1_117' title='bbox 882 3520 1046 3607; x_wconf 86' lang='lat' dir='ltr'>sylvestris</span> 
     </span>
     <span class='ocr_line' id='line_1_23' title="bbox 106 3620 1075 3713; baseline 0.007 -24"><span class='ocrx_word' id='word_1_118' title='bbox 106 3623 288 3708; x_wconf 66' lang='lat' dir='ltr'>(hibernica</span> <span class='ocrx_word' id='word_1_119' title='bbox 308 3621 374 3686; x_wconf 88' lang='lat' dir='ltr'>lnis</span> <span class='ocrx_word' id='word_1_120' title='bbox 397 3623 441 3688; x_wconf 71' lang='lat' dir='ltr'>na</span> <span class='ocrx_word' id='word_1_121' title='bbox 463 3620 635 3706; x_wconf 88' lang='lat' dir='ltr'>cailteach)</span> <span class='ocrx_word' id='word_1_122' title='bbox 651 3623 740 3708; x_wconf 83' lang='lat' dir='ltr'>qudd</span> <span class='ocrx_word' id='word_1_123' title='bbox 755 3623 887 3692; x_wconf 79' lang='lat' dir='ltr'>Adennc</span> <span class='ocrx_word' id='word_1_124' title='bbox 901 3629 1045 3713; x_wconf 91' lang='lat' dir='ltr'>quidam,</span> <span class='ocrx_word' id='word_1_125' title='bbox 1074 3627 1075 3631; x_wconf 61' lang='grc'>’</span> 
     </span>
     <span class='ocr_line' id='line_1_24' title="bbox 105 3729 1046 3816; baseline 0.009 -20"><span class='ocrx_word' id='word_1_126' title='bbox 105 3741 142 3796; x_wconf 88' lang='lat' dir='ltr'>ut</span> <span class='ocrx_word' id='word_1_127' title='bbox 156 3729 313 3806; x_wconf 84' lang='lat' dir='ltr'>referunt,</span> <span class='ocrx_word' id='word_1_128' title='bbox 328 3729 504 3795; x_wconf 87' lang='lat' dir='ltr'>centesimo</span> <span class='ocrx_word' id='word_1_129' title='bbox 526 3729 655 3794; x_wconf 83' lang='lat' dir='ltr'>circiter</span> <span class='ocrx_word' id='word_1_130' title='bbox 676 3741 752 3816; x_wconf 89' lang='lat' dir='ltr'>post</span> <span class='ocrx_word' id='word_1_131' title='bbox 773 3732 928 3799; x_wconf 88' lang='lat' dir='ltr'>diluvium</span> <span class='ocrx_word' id='word_1_132' title='bbox 949 3759 1046 3815; x_wconf 89' lang='lat' dir='ltr'>anno,</span> 
     </span>
     <span class='ocr_line' id='line_1_25' title="bbox 106 3831 1047 3923; baseline 0.001 -20"><span class='ocrx_word' id='word_1_133' title='bbox 106 3860 126 3903; x_wconf 89' lang='lat' dir='ltr'>a</span> <span class='ocrx_word' id='word_1_134' title='bbox 147 3835 239 3902; x_wconf 90' lang='lat' dir='ltr'>Nino</span> <span class='ocrx_word' id='word_1_135' title='bbox 254 3833 328 3900; x_wconf 88' lang='lat' dir='ltr'>Beli</span> <span class='ocrx_word' id='word_1_136' title='bbox 342 3831 421 3911; x_wconf 87' lang='lat' dir='ltr'>filio,</span> <span class='ocrx_word' id='word_1_137' title='bbox 443 3833 486 3898; x_wconf 89' lang='lat' dir='ltr'>ad</span> <span class='ocrx_word' id='word_1_138' title='bbox 509 3831 745 3917; x_wconf 86' lang='lat' dir='ltr'>explorandam</span> <span class='ocrx_word' id='word_1_139' title='bbox 760 3835 914 3912; x_wconf 89' lang='lat' dir='ltr'>Insulam,</span> <span class='ocrx_word' id='word_1_140' title='bbox 930 3859 949 3902; x_wconf 90' lang='lat' dir='ltr'>e</span> <span class='ocrx_word' id='word_1_141' title='bbox 968 3841 1047 3923; x_wconf 88' lang='lat' dir='ltr'>Scy-</span> 
     </span>
    </p>
   </div>
   <div class='ocr_carea' id='block_1_9' title="bbox 0 0 1227 4308">
    <p class='ocr_par' dir='ltr' id='par_1_10' title="bbox 0 0 1227 4308">
     <span class='ocr_line' id='line_1_26' title="bbox 0 0 1227 4308; baseline 0 0"><span class='ocrx_word' id='word_1_142' title='bbox 0 0 1227 4308; x_wconf 95' lang='lat' dir='ltr'> </span> 
     </span>
    </p>
   </div>
  </div>
 </body>
</html>
