2438 4308
174 335 216 398 ts
551 351 731 400 ursanum.

174 501 449 603 mancipaverunt.
487 502 560 603 flii
571 506 676 594 magis
692 505 923 574 circumeundo
941 501 1120 592 percellas

173 610 398 696 magistrorum
409 606 543 678 iectioni
556 635 688 699 operam
703 613 781 678 dare
796 613 994 700 gaudebant.
1020 610 1120 685 Quos

174 735 297 794 omnes,
321 716 413 784 Scoti
437 717 647 786 libentissime
678 721 901 807 suscipientes,
929 718 1049 784 victum
1070 717 1122 782 eis

175 824 399 909 quotidianum
415 826 484 892 sine
491 827 609 914 pretio,
618 825 719 894 libros
734 849 865 914 quoque
874 826 916 892 ad
927 823 1119 913 legendum,

173 941 209 996 et
223 934 446 1019 magisterium
459 934 560 1021 graiis
575 936 723 1026 praebere
738 933 926 1001 curabant.”

298 1131 351 1196 41.
375 1129 534 1200 Caunum.
550 1133 585 1199 in
597 1123 856 1211 Mmturnis,
870 1153 904 1220 p.
920 1128 994 1196 730.

241 1263 264 1294 “
276 1257 549 1346 Angla-Saxones
564 1261 671 1337 etiam,
682 1240 737 1328 ilis
752 1271 863 1340 etate,
875 1261 910 1325 in
922 1256 1119 1324 Hiberniam

176 1377 329 1452 tanquam
343 1368 386 1433 ad
400 1369 559 1434 bonarum
568 1367 733 1435 literarum
743 1379 956 1436 mercaturam
970 1364 1120 1449 undique

175 1474 424 1541 confluxerant:
447 1476 534 1542 unde
556 1477 632 1542 viris
657 1478 776 1544 sanctis
801 1475 976 1562 saepissime
992 1473 1025 1537 in
1041 1495 1120 1537 nos·

176 1584 234 1650 tris
251 1581 474 1670 scriptoribus
489 1583 639 1670 iegitur.”

361 1781 415 1847 ta.
439 1761 928 1860 Bn0nus‚'auaanum105a

241 1914 263 1946 ‘⁸
279 1909 441 1976 Hibernia
454 1919 457 1928 ’
471 1919 522 1975 est
556 1910 752 1976 Christianae
788 1909 867 1975 fidei
903 1887 1119 1976 tenacissima.

178 2016 333 2082 Omnium
346 2017 521 2085 vicinarum
536 2020 681 2105 gentium
693 2018 792 2086 fidem
807 2017 968 2085 excellit.”

343 2215 396 2282 ta.
420 2214 625 2282 Fronosans
641 2215 675 2281 in
695 2215 769 2284 Vaut
783 2217 818 2283 S.
831 2213 965 2282 Halani.

242 2343 438 2410 “Omnibus
453 2345 566 2412 vicinis
581 2345 734 2432 gentibus
749 2345 817 2412 fide
831 2341 1030 2431 praepoilet.”

174 2537 227 2602 44.
251 2539 373 2608 Bosrus
387 2544 428 2610 de
442 2543 554 2640 Signis
568 2543 738 2622 Ecclesiae,
762 2541 839 2608 Lib.
863 2540 959 2609 VIII.
984 2541 1117 2630 Capi.

244 2676 266 2706 ‘⁶
277 2669 316 2735 In
330 2668 494 2737 Hibernia
517 2693 585 2736 non
604 2668 700 2738 modb
720 2691 846 2757 semper
862 2668 1032 2768 Catholipa
1047 2656 1122 2734 reli-

105 2855 114 2874 ·
177 2775 231 2860 gio
244 2775 397 2860 perstitit,
422 2778 481 2844 sed
506 2778 583 2876 inde
605 2778 666 2844 viri
689 2777 866 2844 sanctitatis
892 2775 1118 2874 illustrissimae

177 2880 400 2966 prodierunt?

305 3059 986 3151 mmwmffifflmm

244 3207 437 3277 “Intactanr
459 3207 664 3277 Catholicam
687 3209 786 3276 iidem
815 3223 850 3278 et
874 3210 1120 3287 ducerissimarn

179 3335 258 3400 erga
271 3313 452 3383 Romanum
477 3316 679 3396 Pontiiicern,
706 3317 924 3386 obedientiam
947 3318 1052 3383 animo
1082 3327 1121 3383 ac

178 3420 342 3508 vuluntate
360 3423 500 3516 Hiberni
515 3423 674 3492 servant.”
