2438 4308
503 329 679 379 musanus.

122 483 265 552 Patricio
280 487 421 552 ducente
436 507 562 570 agmen,
577 483 754 570 multiplice
769 487 870 564 crevit

121 589 229 668 Prole,
245 589 364 675 quibus
379 587 517 674 primirm
531 599 672 673 praeerat
687 585 845 655 Patricius
860 615 869 669 ;
891 591 962 676 ipse

123 696 305 764 canonicus
319 697 386 762 voti
400 696 558 782 ejusdem,
571 696 741 782 gentisque
756 710 924 783 patronus.

122 803 289 870 Plurimus
304 803 358 869 hic
372 825 473 869 sacroe
487 801 549 867 suit
563 800 639 866 olim
653 801 757 870 cultor
772 803 894 883 Eremi,
995 806 1060 870 405

122 911 201 976 Sese
216 903 403 997 Augustino
414 911 540 996 jactant
552 908 609 994 qui
622 918 715 993 patre
731 923 868 975 creatos.

162 1015 231 1082 Hic
245 1015 352 1082 luerat
366 1013 509 1095 Bicolor,
522 1015 630 1080 nudus
645 1029 756 1100 caput,
771 1038 892 1100 oraque
907 1015 1012 1096 letus,

122 1122 347 1202 Dominicane,
364 1122 447 1188 sacri
461 1144 526 1198 non
540 1119 652 1187 ultima
664 1120 768 1208 gloria
782 1121 897 1191 coetris.

122 1231 248 1298 Floruit
259 1230 313 1295 hic
327 1227 392 1293 late
407 1226 562 1293 brevibus
576 1250 657 1314 gens
672 1238 758 1294 tecta
773 1229 918 1311 cucullis,

123 1339 154 1404 E
168 1336 376 1404 Frinciscanb
389 1333 538 1423 praeclari
553 1336 654 1422 stirpe
667 1348 816 1421 nepotes,
998 1339 1062 1404 410

121 1446 319 1533 Nudipedes
335 1457 457 1532 patres,
472 1454 506 1509 et
521 1442 613 1528 tortia,
622 1442 767 1510 cannabe
781 1445 888 1523 cincti,

17 1569 18 1572 ’
122 1556 193 1620 Ora
207 1554 261 1620 alii
275 1555 351 1632 rasi,
367 1552 636 1637 neobarbatique
652 1550 811 1631 Quirites,

124 1658 312 1746 Conspicub
325 1661 446 1745 pietate
461 1682 588 1746 graves,
603 1661 746 1747 tectique
763 1659 897 1730 cucullis

120 1766 333 1834 Rhombosis.
377 1762 448 1850 Illic
463 1789 522 1832 nec
538 1765 642 1831 defuit
657 1765 791 1832 Tertius
806 1767 898 1834 ordo.

17 1927 19 1956 ,
121 1874 339 1958 Eliadrimque
354 1897 458 1959 genus
472 1875 591 1939 nostris
605 1874 764 1942 habitavit
775 1876 810 1939 in
824 1876 901 1954 oris,
996 1876 1061 1942 415

121 1981 234 2050 Incola
249 1978 388 2064 Carmeli
401 1981 518 2045 montis
531 1976 549 2044 ε’
563 1981 649 2066 pede
663 1981 770 2048 nudus
785 1994 820 2048 et
834 1981 915 2048 alter

17 2127 18 2156 l
120 2088 203 2154 Inde
218 2086 421 2152 reformatus.
465 2085 558 2152 Tulit
572 2089 746 2155 insinuatio
761 2101 848 2157 tecta

122 2195 179 2261 Ad
194 2216 254 2258 nos
270 2193 425 2280 Ignatios,
439 2193 518 2258 fidei
533 2216 616 2279 quos
631 2194 758 2280 impulit
772 2196 880 2264 ardor.

163 2298 303 2365 Invaluit
317 2311 473 2384 quantum
485 2300 600 2365 studiis
615 2299 777 2368 Hibernia
790 2305 963 2389 quondam,

122 2407 227 2475 Hisce
241 2409 351 2473 metris
365 2409 468 2474 sancti
481 2419 621 2474 testatur
635 2410 701 2474 vita
715 2408 880 2488 Florenti3
997 2413 1061 2477 420

122 2513 286 2601 Exemplo
302 2514 436 2581 fratrum
451 2527 629 2581 commotus
644 2539 753 2582 amore
766 2514 908 2604 legendi,

120 2623 184 2689 lvit
200 2623 242 2688 ad
255 2621 422 2688 Hibernos
438 2623 553 2709 sophia
566 2620 711 2688 mirabile
725 2621 841 2689 claros.

122 2729 190 2796 Sed
204 2752 277 2796 cum
287 2731 356 2816 jam
371 2731 475 2796 cimba
489 2730 644 2796 voluisset
659 2730 762 2810 adire,
782 2745 942 2812 revectus,

121 2835 292 2900 Famosam
307 2845 437 2921 gentem
451 2837 631 2923 scripturis,
645 2850 744 2924 atque
758 2841 932 2926 magistris,

121 2941 262 3029 Appulit
277 2942 320 3007 ad
335 2943 483 3027 patriam,
500 2955 669 3009 ventorum
683 2943 816 3011 flatibus
831 2957 934 3024 actus,
996 2949 1060 3013 425

121 3051 263 3116 Nomine
278 3072 375 3135 quam
386 3062 463 3116 noto
477 3051 652 3137 perhibent
666 3050 807 3119 Albania
820 3052 916 3140 longi²
929 3081 937 3131 3

123 3158 174 3223 Ac
189 3167 369 3222 remoratus
383 3156 430 3220 ibi
444 3155 531 3222 certe
547 3166 624 3223 tunc
638 3158 781 3243 quinque
795 3178 854 3242 per
869 3179 970 3222 annos

122 3263 309 3329 Indefessus
325 3263 392 3347 agit
406 3273 527 3340 votum,
543 3266 603 3328 &o

164 3371 228 3437 His
242 3373 288 3436 ita
302 3370 438 3456 digestis
454 3357 628 3436 Scotorum
640 3371 748 3436 visitat
762 3393 848 3449 arva,
952 3429 955 3435 .

123 3478 169 3544 Et
183 3499 260 3542 mox
274 3477 452 3562 scripturas
467 3472 567 3540 multo
582 3475 788 3542 meditamine
804 3499 923 3555 sacras,
996 3479 1060 3544 430

123 3583 222 3670 Legis
237 3583 355 3670 divinae
371 3592 534 3648 scrutatur
550 3605 636 3666 saepe
651 3594 841 3648 retractans.

121 3689 188 3758 ,Ast
202 3687 248 3754 ibi
262 3708 323 3772 per
337 3685 439 3753 denos
454 3685 554 3752 trinos
565 3688 634 3773 jam
648 3685 795 3772 placidus
811 3711 923 3767 annos,
