<?xml version="1.0" encoding="UTF-8"?>
<!DOCTYPE html PUBLIC "-//W3C//DTD XHTML 1.0 Transitional//EN"
    "http://www.w3.org/TR/xhtml1/DTD/xhtml1-transitional.dtd">
<html xmlns="http://www.w3.org/1999/xhtml" xml:lang="en" lang="en">
 <head>
  <title>
</title>
<meta http-equiv="Content-Type" content="text/html;charset=utf-8" />
  <meta name='ocr-system' content='tesseract 3.04.00' />
  <meta name='ocr-capabilities' content='ocr_page ocr_carea ocr_par ocr_line ocrx_word'/>
</head>
<body>
  <div class='ocr_page' id='page_1' title='image "./historicadescri00daggoog_0247.png"; bbox 0 0 2412 4292; ppageno 0'>
   <div class='ocr_carea' id='block_1_1' title="bbox 604 320 722 370">
    <p class='ocr_par' dir='ltr' id='par_1_1' title="bbox 604 320 722 370">
     <span class='ocr_line' id='line_1_1' title="bbox 604 320 722 370; baseline -0.017 0"><span class='ocrx_word' id='word_1_1' title='bbox 604 320 722 370; x_wconf 72' lang='lat' dir='ltr'><strong>INDEX·</strong></span> 
     </span>
    </p>
   </div>
   <div class='ocr_carea' id='block_1_2' title="bbox 478 595 838 660">
    <p class='ocr_par' dir='ltr' id='par_1_2' title="bbox 478 595 838 660">
     <span class='ocr_line' id='line_1_2' title="bbox 478 595 838 660; baseline -0.028 0"><span class='ocrx_word' id='word_1_2' title='bbox 478 597 662 660; x_wconf 73' lang='lat' dir='ltr'>Csrsioeus</span> <span class='ocrx_word' id='word_1_3' title='bbox 678 595 838 654; x_wconf 75' lang='lat' dir='ltr'>Srrrersrrs</span> 
     </span>
    </p>
   </div>
   <div class='ocr_carea' id='block_1_3' title="bbox 100 731 1131 1711">
    <p class='ocr_par' dir='ltr' id='par_1_3' title="bbox 190 711 1193 918">
     <span class='ocr_line' id='line_1_3' title="bbox 190 731 1131 821; baseline -0.013 -19"><span class='ocrx_word' id='word_1_4' title='bbox 190 743 303 821; x_wconf 80' lang='lat' dir='ltr'>Regum</span> <span class='ocrx_word' id='word_1_5' title='bbox 319 738 466 798; x_wconf 70' lang='lat' dir='ltr'>Hiberniae</span> <span class='ocrx_word' id='word_1_6' title='bbox 487 757 553 796; x_wconf 87' lang='lat' dir='ltr'>eum</span> <span class='ocrx_word' id='word_1_7' title='bbox 574 735 703 796; x_wconf 79' lang='lat' dir='ltr'>versione</span> <span class='ocrx_word' id='word_1_8' title='bbox 717 732 868 794; x_wconf 71' lang='lat' dir='ltr'>vemeeulfi</span> <span class='ocrx_word' id='word_1_9' title='bbox 880 731 933 792; x_wconf 86' lang='lat' dir='ltr'>sed</span> <span class='ocrx_word' id='word_1_10' title='bbox 946 731 1053 792; x_wconf 74' lang='lat' dir='ltr'>Latino</span> <span class='ocrx_word' id='word_1_11' title='bbox 1066 732 1131 790; x_wconf 82' lang='lat' dir='ltr'>ehs-</span> 
     </span>
     <span class='ocr_line' id='line_1_4' title="bbox 245 840 494 918; baseline 0 -17"><span class='ocrx_word' id='word_1_12' title='bbox 245 851 363 910; x_wconf 77' lang='lat' dir='ltr'>metere,</span> <span class='ocrx_word' id='word_1_13' title='bbox 384 860 412 918; x_wconf 90' lang='lat' dir='ltr'>p.</span> <span class='ocrx_word' id='word_1_14' title='bbox 428 840 494 901; x_wconf 89' lang='grc'><strong>190.</strong></span> 
     </span>
    </p>

    <p class='ocr_par' dir='ltr' id='par_1_4' title="bbox 187 935 766 1017">
     <span class='ocr_line' id='line_1_5' title="bbox 187 935 766 1017; baseline -0.003 -18"><span class='ocrx_word' id='word_1_15' title='bbox 187 937 242 999; x_wconf 84' lang='grc' dir='ltr'>ΙΧ.</span> <span class='ocrx_word' id='word_1_16' title='bbox 257 939 353 1017; x_wconf 80' lang='lat' dir='ltr'>Reges</span> <span class='ocrx_word' id='word_1_17' title='bbox 367 936 490 1016; x_wconf 74' lang='lat' dir='ltr'>Belgium</span> <span class='ocrx_word' id='word_1_18' title='bbox 504 935 641 1006; x_wconf 70' lang='lat' dir='ltr'>colonis,</span> <span class='ocrx_word' id='word_1_19' title='bbox 661 955 689 1014; x_wconf 91' lang='lat' dir='ltr'>p.</span> <span class='ocrx_word' id='word_1_20' title='bbox 704 935 766 997; x_wconf 76' lang='lat' dir='ltr'>ead.</span> 
     </span>
    </p>

    <p class='ocr_par' dir='ltr' id='par_1_5' title="bbox 186 1035 941 1116">
     <span class='ocr_line' id='line_1_6' title="bbox 186 1035 941 1116; baseline -0.007 -20"><span class='ocrx_word' id='word_1_21' title='bbox 186 1037 241 1096; x_wconf 92' lang='lat' dir='ltr'>IX.</span> <span class='ocrx_word' id='word_1_22' title='bbox 257 1037 353 1116; x_wconf 80' lang='lat' dir='ltr'>Reges</span> <span class='ocrx_word' id='word_1_23' title='bbox 368 1036 496 1096; x_wconf 81' lang='lat' dir='ltr'>Coloniae</span> <span class='ocrx_word' id='word_1_24' title='bbox 510 1035 694 1104; x_wconf 77' lang='lat' dir='ltr'>Dsnmrnieae,</span> <span class='ocrx_word' id='word_1_25' title='bbox 714 1055 742 1114; x_wconf 96' lang='lat' dir='ltr'>p.</span> <span class='ocrx_word' id='word_1_26' title='bbox 758 1036 824 1093; x_wconf 88' lang='lat'>191.</span> <span class='ocrx_word' id='word_1_27' title='bbox 939 1073 941 1080; x_wconf 45' lang='grc' dir='ltr'><strong><em>ι</em></strong></span> 
     </span>
    </p>

    <p class='ocr_par' dir='ltr' id='par_1_6' title="bbox 186 1132 1128 1215">
     <span class='ocr_line' id='line_1_7' title="bbox 186 1132 1128 1215; baseline -0.01 -19"><span class='ocrx_word' id='word_1_28' title='bbox 186 1135 376 1196; x_wconf 85' lang='lat' dir='ltr'>CLXXVII.</span> <span class='ocrx_word' id='word_1_29' title='bbox 390 1134 486 1215; x_wconf 81' lang='lat' dir='ltr'>Reges</span> <span class='ocrx_word' id='word_1_30' title='bbox 500 1134 630 1198; x_wconf 74' lang='lat' dir='ltr'>Coloniae</span> <span class='ocrx_word' id='word_1_31' title='bbox 642 1132 868 1209; x_wconf 73' lang='lat' dir='ltr'>Sento-Hibera.</span> <span class='ocrx_word' id='word_1_32' title='bbox 882 1152 916 1192; x_wconf 74' lang='lat' dir='ltr'>se</span> <span class='ocrx_word' id='word_1_33' title='bbox 929 1133 1075 1211; x_wconf 77' lang='lat' dir='ltr'>imprimis,</span> <span class='ocrx_word' id='word_1_34' title='bbox 1089 1133 1128 1188; x_wconf 91' lang='lat' dir='ltr'>ib.</span> 
     </span>
    </p>

    <p class='ocr_par' dir='ltr' id='par_1_7' title="bbox 186 1231 811 1313">
     <span class='ocr_line' id='line_1_8' title="bbox 186 1231 811 1313; baseline -0.01 -19"><span class='ocrx_word' id='word_1_35' title='bbox 186 1234 286 1294; x_wconf 85' lang='lat' dir='ltr'><strong>XXV.</strong></span> <span class='ocrx_word' id='word_1_36' title='bbox 300 1233 397 1313; x_wconf 85' lang='lat' dir='ltr'>Reges</span> <span class='ocrx_word' id='word_1_37' title='bbox 410 1253 445 1294; x_wconf 84' lang='lat' dir='ltr'>ex</span> <span class='ocrx_word' id='word_1_38' title='bbox 458 1233 544 1311; x_wconf 85' lang='lat' dir='ltr'>stirpe</span> <span class='ocrx_word' id='word_1_39' title='bbox 559 1233 636 1302; x_wconf 81' lang='lat' dir='ltr'>Hiri,</span> <span class='ocrx_word' id='word_1_40' title='bbox 656 1252 686 1311; x_wconf 94' lang='lat' dir='ltr'>p.</span> <span class='ocrx_word' id='word_1_41' title='bbox 700 1231 811 1292; x_wconf 85' lang='lat' dir='ltr'>eedem.</span> 
     </span>
    </p>

    <p class='ocr_par' dir='ltr' id='par_1_8' title="bbox 186 1331 805 1412">
     <span class='ocr_line' id='line_1_9' title="bbox 186 1331 805 1412; baseline -0.01 -18"><span class='ocrx_word' id='word_1_42' title='bbox 186 1335 284 1394; x_wconf 86' lang='lat' dir='ltr'><strong>XXX.</strong></span> <span class='ocrx_word' id='word_1_43' title='bbox 300 1333 395 1412; x_wconf 75' lang='lat' dir='ltr'>Reges</span> <span class='ocrx_word' id='word_1_44' title='bbox 410 1353 445 1392; x_wconf 88' lang='lat' dir='ltr'>ex</span> <span class='ocrx_word' id='word_1_45' title='bbox 459 1332 545 1410; x_wconf 78' lang='lat' dir='ltr'>stirpe</span> <span class='ocrx_word' id='word_1_46' title='bbox 560 1331 684 1406; x_wconf 87' lang='lat' dir='ltr'>Heberi,</span> <span class='ocrx_word' id='word_1_47' title='bbox 695 1352 722 1410; x_wconf 92' lang='lat' dir='ltr'>p.</span> <span class='ocrx_word' id='word_1_48' title='bbox 738 1332 805 1392; x_wconf 81' lang='lat'>193.</span> 
     </span>
    </p>

    <p class='ocr_par' dir='ltr' id='par_1_9' title="bbox 185 1431 889 1511">
     <span class='ocr_line' id='line_1_10' title="bbox 185 1431 889 1511; baseline -0.009 -18"><span class='ocrx_word' id='word_1_49' title='bbox 185 1431 313 1495; x_wconf 83' lang='lat' dir='ltr'><strong>CXVII.</strong></span> <span class='ocrx_word' id='word_1_50' title='bbox 328 1431 424 1511; x_wconf 81' lang='lat' dir='ltr'><strong>Reges</strong></span> <span class='ocrx_word' id='word_1_51' title='bbox 438 1452 472 1491; x_wconf 86' lang='lat' dir='ltr'>ex</span> <span class='ocrx_word' id='word_1_52' title='bbox 485 1432 573 1510; x_wconf 84' lang='lat' dir='ltr'>stirpe</span> <span class='ocrx_word' id='word_1_53' title='bbox 586 1431 760 1507; x_wconf 78' lang='lat' dir='ltr'>Herimpnis,</span> <span class='ocrx_word' id='word_1_54' title='bbox 781 1431 889 1511; x_wconf 78' lang='lat' dir='ltr'><strong>p.194.</strong></span> 
     </span>
    </p>

    <p class='ocr_par' dir='ltr' id='par_1_10' title="bbox 183 1530 713 1611">
     <span class='ocr_line' id='line_1_11' title="bbox 183 1530 713 1611; baseline -0.009 -18"><span class='ocrx_word' id='word_1_55' title='bbox 183 1533 243 1594; x_wconf 86' lang='grc' dir='ltr'><strong>ΙΙΙ.</strong></span> <span class='ocrx_word' id='word_1_56' title='bbox 259 1532 354 1611; x_wconf 80' lang='lat' dir='ltr'>Reges</span> <span class='ocrx_word' id='word_1_57' title='bbox 368 1531 501 1609; x_wconf 85' lang='lat' dir='ltr'>exstirpe</span> <span class='ocrx_word' id='word_1_58' title='bbox 514 1530 583 1600; x_wconf 86' lang='lat' dir='ltr'>Ithi,</span> <span class='ocrx_word' id='word_1_59' title='bbox 604 1552 632 1608; x_wconf 91' lang='lat' dir='ltr'>p.</span> <span class='ocrx_word' id='word_1_60' title='bbox 645 1531 713 1588; x_wconf 88' lang='grc'><strong>200.</strong></span> 
     </span>
    </p>

    <p class='ocr_par' dir='ltr' id='par_1_11' title="bbox 100 1631 722 1711">
     <span class='ocr_line' id='line_1_12' title="bbox 100 1631 722 1711; baseline -0.01 -18"><span class='ocrx_word' id='word_1_61' title='bbox 100 1665 105 1674; x_wconf 90' lang='grc'><em>·</em></span> <span class='ocrx_word' id='word_1_62' title='bbox 184 1632 281 1711; x_wconf 83' lang='lat' dir='ltr'>Reges</span> <span class='ocrx_word' id='word_1_63' title='bbox 294 1651 358 1690; x_wconf 87' lang='lat' dir='ltr'>cum</span> <span class='ocrx_word' id='word_1_64' title='bbox 372 1631 548 1699; x_wconf 75' lang='lat' dir='ltr'>reluctentirt,</span> <span class='ocrx_word' id='word_1_65' title='bbox 570 1651 598 1708; x_wconf 95' lang='lat' dir='ltr'>p.</span> <span class='ocrx_word' id='word_1_66' title='bbox 611 1631 722 1689; x_wconf 83' lang='lat' dir='ltr'>eadem.</span> 
     </span>
    </p>
   </div>
   <div class='ocr_carea' id='block_1_4' title="bbox 181 1832 1123 2013">
    <p class='ocr_par' dir='ltr' id='par_1_12' title="bbox 181 1832 1123 2013">
     <span class='ocr_line' id='line_1_13' title="bbox 181 1832 1123 1916; baseline -0.004 -19"><span class='ocrx_word' id='word_1_67' title='bbox 181 1837 292 1916; x_wconf 81' lang='lat' dir='ltr'>Epocoe</span> <span class='ocrx_word' id='word_1_68' title='bbox 312 1857 362 1896; x_wconf 79' lang='lat' dir='ltr'>reu</span> <span class='ocrx_word' id='word_1_69' title='bbox 382 1833 471 1896; x_wconf 82' lang='lat' dir='ltr'>AE&#39;roe</span> <span class='ocrx_word' id='word_1_70' title='bbox 493 1835 665 1896; x_wconf 70' lang='lat' dir='ltr'>Domestica</span> <span class='ocrx_word' id='word_1_71' title='bbox 692 1832 843 1914; x_wconf 75' lang='lat' dir='ltr'>Majorwm</span> <span class='ocrx_word' id='word_1_72' title='bbox 868 1841 1123 1914; x_wconf 63' lang='lat' dir='ltr'>memoremque</span> 
     </span>
     <span class='ocr_line' id='line_1_14' title="bbox 302 1932 1000 2013; baseline -0.006 -20"><span class='ocrx_word' id='word_1_73' title='bbox 302 1933 378 1994; x_wconf 82' lang='lat' dir='ltr'>velut</span> <span class='ocrx_word' id='word_1_74' title='bbox 384 1935 579 2012; x_wconf 63' lang='lat' dir='ltr'>punctafimm</span> <span class='ocrx_word' id='word_1_75' title='bbox 600 1933 818 2013; x_wconf 77' lang='lat' dir='ltr'>Chronologiece</span> <span class='ocrx_word' id='word_1_76' title='bbox 829 1932 1000 1992; x_wconf 73' lang='lat' dir='ltr'>inserviunt.</span> 
     </span>
    </p>
   </div>
   <div class='ocr_carea' id='block_1_5' title="bbox 181 2072 975 2154">
    <p class='ocr_par' dir='ltr' id='par_1_13' title="bbox 181 2072 975 2154">
     <span class='ocr_line' id='line_1_15' title="bbox 181 2072 975 2154; baseline -0.01 -18"><span class='ocrx_word' id='word_1_77' title='bbox 181 2074 351 2136; x_wconf 72' lang='lat' dir='ltr'>Dissertatio</span> <span class='ocrx_word' id='word_1_78' title='bbox 365 2073 450 2133; x_wconf 83' lang='lat' dir='ltr'>unice</span> <span class='ocrx_word' id='word_1_79' title='bbox 462 2073 498 2131; x_wconf 90' lang='lat' dir='ltr'>de</span> <span class='ocrx_word' id='word_1_80' title='bbox 512 2073 659 2134; x_wconf 82' lang='lat' dir='ltr'>Hiberniae</span> <span class='ocrx_word' id='word_1_81' title='bbox 672 2073 781 2143; x_wconf 76' lang='lat' dir='ltr'>insulse,</span> <span class='ocrx_word' id='word_1_82' title='bbox 794 2073 846 2132; x_wconf 71' lang='lat' dir='ltr'>tre.</span> <span class='ocrx_word' id='word_1_83' title='bbox 864 2093 893 2152; x_wconf 94' lang='lat' dir='ltr'>p.</span> <span class='ocrx_word' id='word_1_84' title='bbox 907 2072 975 2154; x_wconf 69' lang='grc'><strong>202.</strong></span> 
     </span>
    </p>
   </div>
   <div class='ocr_carea' id='block_1_6' title="bbox 180 2172 1119 2464">
    <p class='ocr_par' dir='ltr' id='par_1_14' title="bbox 180 2172 1119 2464">
     <span class='ocr_line' id='line_1_16' title="bbox 181 2172 1032 2251; baseline -0.004 -19"><span class='ocrx_word' id='word_1_85' title='bbox 181 2173 229 2232; x_wconf 92' lang='lat' dir='ltr'>De</span> <span class='ocrx_word' id='word_1_86' title='bbox 244 2173 318 2248; x_wconf 86' lang='lat' dir='ltr'>loco,</span> <span class='ocrx_word' id='word_1_87' title='bbox 332 2172 396 2242; x_wconf 89' lang='lat' dir='ltr'>situ,</span> <span class='ocrx_word' id='word_1_88' title='bbox 412 2181 442 2230; x_wconf 89' lang='lat' dir='ltr'>et</span> <span class='ocrx_word' id='word_1_89' title='bbox 455 2172 639 2250; x_wconf 80' lang='lat' dir='ltr'>amplitudine</span> <span class='ocrx_word' id='word_1_90' title='bbox 653 2172 732 2250; x_wconf 78' lang='lat' dir='ltr'>regni</span> <span class='ocrx_word' id='word_1_91' title='bbox 747 2172 903 2245; x_wconf 83' lang='lat' dir='ltr'>Hiberniae,</span> <span class='ocrx_word' id='word_1_92' title='bbox 923 2193 951 2251; x_wconf 97' lang='lat' dir='ltr'>p.</span> <span class='ocrx_word' id='word_1_93' title='bbox 964 2173 1032 2230; x_wconf 82' lang='grc'><strong>203.</strong></span> 
     </span>
     <span class='ocr_line' id='line_1_17' title="bbox 180 2270 1119 2351; baseline 0.002 -21"><span class='ocrx_word' id='word_1_94' title='bbox 180 2271 229 2331; x_wconf 86' lang='lat' dir='ltr'>De</span> <span class='ocrx_word' id='word_1_95' title='bbox 251 2281 326 2331; x_wconf 79' lang='lat' dir='ltr'>stetu</span> <span class='ocrx_word' id='word_1_96' title='bbox 340 2270 523 2332; x_wconf 74' lang='lat' dir='ltr'>Monarchico</span> <span class='ocrx_word' id='word_1_97' title='bbox 546 2280 576 2330; x_wconf 87' lang='lat' dir='ltr'>et</span> <span class='ocrx_word' id='word_1_98' title='bbox 595 2271 681 2330; x_wconf 89' lang='lat' dir='ltr'>modo</span> <span class='ocrx_word' id='word_1_99' title='bbox 695 2271 866 2332; x_wconf 81' lang='lat' dir='ltr'>succedendi</span> <span class='ocrx_word' id='word_1_100' title='bbox 880 2271 954 2351; x_wconf 79' lang='lat' dir='ltr'>apud</span> <span class='ocrx_word' id='word_1_101' title='bbox 969 2271 1119 2333; x_wconf 87' lang='lat' dir='ltr'>Hibernos</span> 
     </span>
     <span class='ocr_line' id='line_1_18' title="bbox 237 2371 889 2464; baseline 0 -34"><span class='ocrx_word' id='word_1_102' title='bbox 237 2381 304 2431; x_wconf 82' lang='lat' dir='ltr'>ente</span> <span class='ocrx_word' id='word_1_103' title='bbox 319 2372 478 2450; x_wconf 86' lang='lat' dir='ltr'>Anglorum</span> <span class='ocrx_word' id='word_1_104' title='bbox 492 2371 656 2444; x_wconf 76' lang='lat' dir='ltr'>adventum,</span> <span class='ocrx_word' id='word_1_105' title='bbox 675 2393 704 2452; x_wconf 94' lang='lat' dir='ltr'>p.</span> <span class='ocrx_word' id='word_1_106' title='bbox 716 2373 784 2431; x_wconf 81' lang='grc'><strong>200.</strong></span> <span class='ocrx_word' id='word_1_107' title='bbox 885 2453 889 2464; x_wconf 35' lang='grc' dir='ltr'>Ι</span> 
     </span>
    </p>
   </div>
   <div class='ocr_carea' id='block_1_7' title="bbox 544 2693 747 2752">
    <p class='ocr_par' dir='ltr' id='par_1_15' title="bbox 544 2693 747 2752">
     <span class='ocr_line' id='line_1_19' title="bbox 544 2693 747 2752; baseline 0 -2"><span class='ocrx_word' id='word_1_108' title='bbox 544 2693 596 2751; x_wconf 87' lang='lat' dir='ltr'>Ar&gt;</span> <span class='ocrx_word' id='word_1_109' title='bbox 612 2693 747 2752; x_wconf 84' lang='lat' dir='ltr'>Lrssurr.</span> 
     </span>
    </p>
   </div>
   <div class='ocr_carea' id='block_1_8' title="bbox 256 2835 1040 3214">
    <p class='ocr_par' dir='ltr' id='par_1_16' title="bbox 258 2835 937 3004">
     <span class='ocr_line' id='line_1_20' title="bbox 258 2835 929 2914; baseline -0.001 -18"><span class='ocrx_word' id='word_1_110' title='bbox 258 2836 335 2896; x_wconf 89' lang='lat' dir='ltr'>Olim</span> <span class='ocrx_word' id='word_1_111' title='bbox 349 2844 461 2914; x_wconf 88' lang='lat' dir='ltr'>tempus</span> <span class='ocrx_word' id='word_1_112' title='bbox 475 2835 538 2906; x_wconf 86' lang='lat' dir='ltr'>erit,</span> <span class='ocrx_word' id='word_1_113' title='bbox 553 2835 609 2914; x_wconf 69' lang='lat' dir='ltr'>qui)</span> <span class='ocrx_word' id='word_1_114' title='bbox 622 2835 794 2914; x_wconf 65' lang='lat' dir='ltr'>persolvere,</span> <span class='ocrx_word' id='word_1_115' title='bbox 810 2837 929 2907; x_wconf 87' lang='lat' dir='ltr'>Libelle,</span> 
     </span>
     <span class='ocr_line' id='line_1_21' title="bbox 293 2935 937 3004; baseline -0.002 -8"><span class='ocrx_word' id='word_1_116' title='bbox 293 2935 369 2996; x_wconf 81' lang='lat' dir='ltr'>Cum</span> <span class='ocrx_word' id='word_1_117' title='bbox 382 2944 448 2994; x_wconf 88' lang='lat' dir='ltr'>tuus</span> <span class='ocrx_word' id='word_1_118' title='bbox 461 2935 491 2993; x_wconf 91' lang='lat' dir='ltr'>in</span> <span class='ocrx_word' id='word_1_119' title='bbox 504 2935 614 2994; x_wconf 86' lang='lat' dir='ltr'>tumulo</span> <span class='ocrx_word' id='word_1_120' title='bbox 629 2935 738 2994; x_wconf 88' lang='lat' dir='ltr'>Kellius</span> <span class='ocrx_word' id='word_1_121' title='bbox 752 2945 850 2995; x_wconf 83' lang='lat' dir='ltr'>auctor</span> <span class='ocrx_word' id='word_1_122' title='bbox 862 2936 915 2996; x_wconf 89' lang='lat' dir='ltr'>erit</span> <span class='ocrx_word' id='word_1_123' title='bbox 928 2957 937 3004; x_wconf 69' lang='grc' dir='ltr'><strong>ς</strong></span> 
     </span>
    </p>

    <p class='ocr_par' dir='ltr' id='par_1_17' title="bbox 256 3031 1040 3214">
     <span class='ocr_line' id='line_1_22' title="bbox 256 3031 1040 3115; baseline 0.005 -22"><span class='ocrx_word' id='word_1_124' title='bbox 256 3034 332 3093; x_wconf 90' lang='lat' dir='ltr'>Hinc</span> <span class='ocrx_word' id='word_1_125' title='bbox 346 3044 376 3093; x_wconf 89' lang='lat' dir='ltr'>te</span> <span class='ocrx_word' id='word_1_126' title='bbox 390 3031 551 3104; x_wconf 85' lang='lat' dir='ltr'>Lectorem,</span> <span class='ocrx_word' id='word_1_127' title='bbox 567 3054 642 3093; x_wconf 89' lang='lat' dir='ltr'>nunc</span> <span class='ocrx_word' id='word_1_128' title='bbox 655 3056 707 3114; x_wconf 90' lang='lat' dir='ltr'>pro</span> <span class='ocrx_word' id='word_1_129' title='bbox 720 3045 796 3106; x_wconf 87' lang='lat' dir='ltr'>tunc,</span> <span class='ocrx_word' id='word_1_130' title='bbox 813 3058 863 3095; x_wconf 93' lang='lat' dir='ltr'>oro</span> <span class='ocrx_word' id='word_1_131' title='bbox 877 3036 1040 3115; x_wconf 80' lang='lat' dir='ltr'>benignum,</span> 
     </span>
     <span class='ocr_line' id='line_1_23' title="bbox 294 3133 974 3214; baseline -0.001 -21"><span class='ocrx_word' id='word_1_132' title='bbox 294 3133 434 3194; x_wconf 78' lang='lat' dir='ltr'>Defuncti</span> <span class='ocrx_word' id='word_1_133' title='bbox 446 3133 476 3192; x_wconf 90' lang='lat' dir='ltr'>in</span> <span class='ocrx_word' id='word_1_134' title='bbox 488 3133 619 3214; x_wconf 86' lang='lat' dir='ltr'>precibus</span> <span class='ocrx_word' id='word_1_135' title='bbox 632 3134 670 3194; x_wconf 85' lang='lat' dir='ltr'>sis</span> <span class='ocrx_word' id='word_1_136' title='bbox 683 3154 791 3196; x_wconf 88' lang='lat' dir='ltr'>memor</span> <span class='ocrx_word' id='word_1_137' title='bbox 805 3155 894 3213; x_wconf 88' lang='lat' dir='ltr'>usque</span> <span class='ocrx_word' id='word_1_138' title='bbox 908 3135 974 3194; x_wconf 89' lang='lat' dir='ltr'>mei.</span> 
     </span>
    </p>
   </div>
   <div class='ocr_carea' id='block_1_9' title="bbox 0 0 1210 4292">
    <p class='ocr_par' dir='ltr' id='par_1_18' title="bbox 0 0 1210 4292">
     <span class='ocr_line' id='line_1_24' title="bbox 0 0 1210 4292; baseline 0 5"><span class='ocrx_word' id='word_1_139' title='bbox 0 0 1210 4292; x_wconf 95' lang='lat' dir='ltr'> </span> 
     </span>
    </p>
   </div>
  </div>
 </body>
</html>
